2872 4874
632 367 803 415 Posruulrl

511 610 568 693 ao.
610 608 915 692 nosrumruu
1008 714 1011 719 ¹

157 771 203 839 ru
227 770 418 836 GRATIAM
440 770 539 835 vinu
563 767 733 834 ornain
757 768 783 833 n
806 722 1135 835 anonncarroun
1157 766 1254 843 aron
1320 741 1324 868 J·

572 872 867 939 uuueunaran.
1324 922 1327 929 ,

540 1064 746 1130 Venerabiles
769 1064 897 1132 Patres!

242 1207 358 1271 Varias
389 1206 472 1270 inter
504 1210 536 1269 ct
558 1205 627 1287 pias
644 1203 774 1287 Operas,
800 1223 882 1286 quae
906 1204 1104 1286 adprobante
1120 1203 1274 1287 Apostolica
1329 1206 1342 1271 ζ,

131 1295 228 1375 Sede,
252 1299 285 1360 et
307 1293 486 1359 laventibus
501 1293 676 1374 Episcopis
700 1292 894 1375 quotidianis
918 1293 960 1356 ad
984 1291 1087 1357 Deum
1102 1289 1205 1359 effusis
1224 1307 1274 1375 pre·
1330 1312 1337 1333 ··

137 1384 225 1449 cibus
254 1387 285 1447 et
320 1380 453 1446 collecta
484 1378 623 1444 fidelium
652 1380 751 1461 stipe,
785 1382 903 1444 nostris
928 1379 1133 1446 Missionibue
1164 1379 1238 1445 vires
1254 1380 1276 1442 et

130 1470 255 1537 auxilia
276 1470 496 1550 suppeditant,
531 1487 570 1532 ea
599 1466 691 1532 facile
717 1468 851 1550 primum
883 1466 1020 1533 obtinuit
1041 1468 1144 1533 locum
1173 1482 1275 1549 quaes
1337 1495 1342 1557 ι

137 1557 228 1623 Fidei
250 1556 484 1638 Propagatione
507 1562 717 1637 nuncupatur,

244 1644 292 1710 Ab
316 1663 354 1708 ea
377 1642 460 1709 enim
489 1641 555 1709 iere
578 1661 686 1708 omncs
708 1661 776 1723 nos,
807 1645 883 1724 quin
905 1642 970 1707 ulla
993 1642 1043 1708 vel
1066 1643 1229 1709 nationum
1244 1636 1280 1705 vel

139 1751 347 1814 personarum
370 1732 560 1796 admittatur
574 1731 727 1811 acceptio,
751 1731 784 1794 id
806 1730 960 1796 habemus
979 1748 1041 1811 quo
1065 1730 1141 1796 olim
1164 1728 1196 1797 S.
1219 1730 1281 1813 lpo'
1338 1750 1342 1761 ·

138 1820 238 1885 stolus
261 1819 379 1884 Paulus
402 1819 600 1900 evangelicos
629 1820 789 1901 operarios
820 1823 985 1884 contentos
1008 1815 1076 1883 lore
1099 1817 1282 1884 declarabat:

136 1907 289 1973 alimenta
311 1907 459 1972 videlicet
488 1911 520 1970 et
543 1907 656 1987 quibus
688 1914 843 1986 tegamur.
897 1905 988 1971 Illius
1001 1964 1003 1969 ,
1017 1924 1077 1987 ope
1100 1904 1283 1972 stabiliuntur
1307 1964 1312 1971 ,

17 2003 20 2008 “
138 2004 171 2060 et
195 2002 341 2061 crescunt
364 1994 521 2060 catholica
536 1993 591 2058 illa
605 1993 752 2059 instituta
776 2000 808 2057 et
824 1993 1060 2058 misericordiae
1076 2011 1178 2075 opera
1193 1992 1285 2076 quibu

140 2082 287 2148 Christus
302 2082 457 2147 Dominus
481 2086 554 2145 ante
578 2081 684 2147 oculos
701 2081 889 2164 populorum
912 2081 968 2163 qni
988 2081 1079 2145 illum
1102 2081 1284 2164 ignorantat

135 2175 249 2236 errant
266 2169 522 2252 eloquentissime
536 2169 748 2250 praedicatur,
764 2169 881 2250 quippe
896 2186 978 2249 quae
993 2169 1086 2250 signa
1101 2175 1180 2233 sunt
1195 2166 1282 2251 quibus

139 2259 214 2325 licet
237 2258 369 2340 indigni,
392 2276 467 2322 vere
490 2257 559 2320 veri
583 2256 643 2320 Dei
666 2256 813 2339 discipuli
837 2257 1101 2323 demonstremur.

243 2344 396 2410 Faustam
419 2345 517 2426 igitur
539 2350 571 2407 et
595 2361 719 2408 sacram
743 2344 936 2408 occasionem
959 2343 1045 2407 nacti
1068 2360 1133 2424 qua
1155 2357 1290 2424 omnese

137 2434 317 2515 longinquis
342 2432 522 2513 dissitisque
554 2431 639 2495 orbis
661 2432 858 2512 regionibus
889 2432 930 2496 ad
953 2431 1050 2513 pedes
1073 2431 1223 2513 Supremi
1243 2429 1293 2495 Pa-

135 2522 235 2585 storis
270 2521 485 2599 convenimus,
525 2536 602 2598 erga
631 2517 720 2581 Piam
754 2518 871 2598 hancce
906 2517 1057 2600 Operam,
1098 2516 1295 2601 praecipuam

140 2609 279 2674 omnium
301 2607 488 2672 Missionum
503 2604 646 2670 altricem
662 2610 694 2670 et
717 2607 808 2687 quasi
822 2613 998 2688 parentem,
1014 2606 1193 2691 gratissimi
1212 2603 1298 2671 animi

139 2695 242 2758 nostri
264 2711 375 2758 sensus
398 2700 573 2772 externare,
597 2693 629 2757 in
653 2695 733 2758 votis
757 2694 947 2759 unanimiter
961 2693 1123 2774 habemus,
1149 2692 1300 2775 simulque

138 2780 226 2846 illam
251 2781 470 2847 commendare
493 2787 560 2846 tum
577 2781 818 2846 venerabilibus
841 2780 997 2847 Praelatis
1013 2782 1067 2862 qui
1090 2781 1124 2845 in
1139 2781 1202 2846 hac
1217 2797 1299 2846 sacra

135 2868 267 2950 ⁴Synodo
290 2870 412 2948 sedent,
430 2874 497 2934 tum
513 2869 679 2950 praecipue
694 2869 820 2934 illorum
844 2877 874 2934 et
898 2869 998 2933 totius
1013 2867 1176 2935 Ecclesiae
1193 2867 1301 2949 capit,

139 2956 267 3021 Summo
302 2955 445 3023 Pontifici
479 2956 535 3022 Pio
565 2955 626 3024 ΡΡ.
655 2956 718 3035 IX„
755 2960 845 3039 cujus
882 2963 1049 3039 paternam
1083 2957 1212 3037 saepius
1240 2957 1302 3038 jam

141 3044 263 3126 experti
285 3062 393 3109 sumus
416 3043 678 3110 benevolentiam.

246 3129 293 3196 Eo
328 3138 436 3197 autem
469 3133 571 3215 magis
601 3131 740 3196 Paterna
769 3132 825 3196 illa
852 3131 1090 3208 benevolentia,
1126 3136 1303 3211 vestraque,

140 3217 345 3284 venerabiles
379 3219 506 3299 Patrae,
541 3218 666 3300 Operae
688 3219 772 3284 ‘Piae
806 3219 971 3302 augendae
1006 3225 1038 3284 et
1068 3217 1302 3300 promovendae

139 3306 322 3393 necessaria
349 3307 442 3371 hodie
466 3312 528 3386 est,
562 3325 622 3387 quo
645 3307 788 3388 pluribus
815 3309 884 3389 jam
907 3307 1022 3372 abhinc
1053 3307 1144 3371 annis
1167 3305 1302 3372 eleemo-

133 3411 240 3477 synae
264 3412 345 3476 quae
367 3394 401 3459 in
422 3394 651 3476 Propagandae
680 3395 769 3459 Fidei
792 3396 929 3480 gratiam
960 3396 1000 3459 ab
1024 3393 1079 3458 illa
1103 3393 1305 3475 colliguntur,

140 3482 266 3561 nedum,
290 3487 327 3546 ut
349 3489 445 3546 antea
467 3480 574 3560 fiebat,
609 3488 763 3560 crescant,
788 3486 938 3547 econtra
969 3480 1021 3546 vel
1044 3480 1157 3547 eadem
1180 3498 1305 3547 reman-

140 3575 261 3648 serunt
278 3569 329 3633 vel
352 3570 448 3636 etiam
465 3577 502 3633 ut
524 3570 684 3650 praesenti
701 3570 815 3634 accidit
831 3587 913 3635 anno
936 3569 1164 3634 imminutionis
1181 3570 1307 3634 subiere

140 3657 324 3739 periculum.
503 3709 505 3714 .
906 3714 909 3719 ,
1211 3710 1214 3715 ,

247 3744 329 3809 Hinc
356 3741 391 3807 fit
414 3745 506 3824 quod,
540 3751 633 3809 aucto
656 3742 844 3809 Missionum
866 3762 1007 3823 numero,
1039 3744 1076 3809 iis
1100 3742 1248 3809 omnibus
1272 3747 1306 3807 ut

135 3831 267 3897 deceret
295 3831 438 3897 fovendis
468 3851 507 3898 ex
540 3851 604 3896 una
635 3838 726 3912 parte
760 3833 864 3913 impar
894 3828 949 3895 fiat
985 3832 1041 3897 Pia
1064 3831 1305 3913 Propagationis

143 3918 257 4001 Opera,
290 3920 366 3984 dum
395 3937 434 3983 ex
468 3919 569 3985 altera
601 3920 786 3984 immensam
817 3926 850 3984 et
883 3919 1036 4000 majorem
1058 3919 1230 3999 quotannis
1253 3935 1305 4001 pe·

141 4007 253 4071 cuniae
277 4024 442 4087 summam,
466 4008 507 4072 ad
534 4008 759 4088 pervertendas
775 4012 830 4071 aut
852 4007 958 4088 potius
980 4007 1135 4089 sacrilege
1158 4005 1305 4089 emendas

135 4095 273 4172 animas,
296 4095 330 4158 in
345 4094 454 4159 multis
478 4114 495 4159 e
518 4095 700 4177 regionibus
723 4114 819 4159 curae
834 4100 963 4178 nostrae
985 4094 1175 4159 concreditis
1196 4093 1304 4156 Prote·

139 4181 296 4246 stantium
321 4188 478 4246 sectarum
502 4181 760 4263 pseudoministri
784 4183 999 4246 disseminant.

249 4267 478 4334 Gravissimum
494 4271 591 4351 igitur
612 4270 754 4334 imminet
769 4269 971 4335 Missionibus
986 4269 1104 4334 nostris
1119 4265 1300 4348 periculum,

141 4356 227 4436 qnod
250 4359 290 4421 ad
315 4357 522 4422 avertendum
552 4362 678 4438 oportet
708 4361 744 4420 ut
767 4374 864 4422 novus
899 4354 1044 4420 fidelibus
1075 4354 1171 4420 ardor
1204 4353 1301 4418 infun·
