2872 4874
492 115 532 162 nn
554 115 772 165 mmuumos.
1158 103 1221 166 231

55 262 193 338 mim,
228 256 286 339 qni
304 255 407 322 neus
439 255 592 322 obediens
611 273 713 338 nsque
746 255 791 321 rtl
819 261 957 323 mortem
981 255 1097 321 nedum
1133 257 1225 333 noim

54 344 145 413 dr&
174 343 271 426 hume
296 344 427 409 virtutis
456 347 683 427 maeosptnm
715 344 774 410 sei
802 361 953 426 magnum
983 361 1110 426 qnoqm
1132 345 1168 409 in
1189 361 1225 410 se

53 432 137 519 mse,
160 432 246 515 qnod
268 432 476 512 imitaremur,
499 432 628 513 reliquit
650 432 838 514 exemplum
884 432 927 496 nt
950 431 1098 513 quonism
1119 432 1224 498 omme

51 526 201 604 pestes
223 539 243 585 e
265 519 335 584 lleo
357 526 415 600 est,
439 519 603 602 regulares
619 537 733 585 onmes
751 521 786 584 in
806 520 874 585 suis
888 519 1104 602 superioribm
1119 519 1225 584 Deum

52 609 165 692 ipae
196 616 390 690 agnoscent,
426 626 466 672 ar
494 607 696 675 meminerint
728 625 792 672 ron
820 607 922 674 solnm
953 606 1142 673 ordinationi
1164 608 1225 672 Del

56 698 224 776 resistere,
262 695 318 776 qui
348 695 501 776 potestati
529 695 665 773 resistit3
701 713 814 759 versum
847 697 944 761 etiem
969 713 1040 763 sese
1070 695 1226 777 porrum

55 784 251 867 &geuene
265 784 369 848 teneri
384 783 415 846 vi
429 784 505 862 voti,
530 783 615 863 qnod
628 784 661 847 in
676 781 827 864 religiose
840 782 1034 865 professione
1050 782 1225 854 emittenda

57 872 128 938 lieo
148 877 343 952 nuncupent
390 869 600 947 Quamobrem
624 870 735 935 debita
760 873 940 937 reverentie
966 875 1000 935 et
1021 889 1130 936 amore
1150 888 1225 937 mres

60 977 166 1026 emes
189 957 375 1041 Superiores
397 964 642 1039 prosequentur,
665 963 700 1023 et
713 977 795 1039 qnae
817 960 879 1041 ipsi
899 960 992 1042 juxte
1014 958 1158 1040 regulam
1176 958 1225 1023 ’rru-

59 1048 209 1203 jnngcnnt,
239 1047 377 1128 integre,
407 1051 554 1127 prompte
586 1051 620 1110 et
641 1045 807 1113 humiliter
827 1047 904 1111 sine
926 1046 993 1112 nlla
1023 1046 1225 1117 excusatione

61 1154 97 1218 pe
153 1137 231 1201 ient

163 1221 230 1287 llos
252 1222 382 1302 insuper
403 1220 578 1300 hommnr,
602 1226 642 1286 ut
662 1220 704 1286 sd
726 1221 958 1302 remerendam
971 1220 1068 1304 liujus
1091 1221 1226 1294 exilire

61 1311 185 1375 urtntis
216 1307 455 1391 perfectionem,
491 1326 573 1390 quae
604 1313 653 1374 est
683 1308 914 1389 quodammodo
948 1316 1052 1374 meter
1084 1309 1224 1375 omnium

62 1405 228 1478 custosque
250 1397 412 1474 virtutum,
421 1397 447 1479 ¹)
478 1401 547 1461 toto
571 1401 700 1477 pectore
727 1397 930 1474 incumbant3
960 1415 1019 1462 nee
1043 1416 1106 1462 non
1129 1416 1149 1461 a
1170 1416 1225 1462 ue-

60 1504 150 1568 quam
175 1483 269 1564 hnjm
301 1483 418 1548 saeculi
449 1485 571 1564 spiritu,
606 1484 660 1565 qui
682 1488 732 1549 est
763 1483 873 1549 Crucis
896 1482 1025 1564 Christi,
1059 1487 1224 1567 omnisque

60 1572 259 1640 meteritetis
280 1590 318 1637 ac
332 1572 537 1653 subjectionis
559 1573 713 1652 inimicus
737 1572 799 1636 sihi
812 1572 948 1641 mammo
971 1576 1112 1655 reveunt,
1128 1590 1226 1654 seqne

61 1661 199 1742 undique
219 1664 378 1724 tueantur.

162 1747 432 1828 Tergiversationi
463 1746 666 1813 nihilominus
694 1766 817 1826 eorum,
851 1747 907 1828 qui
937 1765 1051 1812 enusos
1084 1747 1127 1812 ed
1150 1745 1225 1815 obe

65 1836 196 1902 iimtiae
226 1836 339 1917 jngnm
378 1834 597 1898 excutiendam
632 1836 844 1914 interserunt,
883 1853 1050 1900 oecurrere
1082 1833 1226 1899 volentes

60 1924 256 1990 declaramus
288 1927 384 2003 atque
417 1922 599 2001 statuimus,
635 1921 856 2004 religiosorum
878 1940 1038 2001 recursus,
1070 1923 1125 2004 qui
1154 1918 1226 1986 fieri

60 2012 164 2077 solent
187 2008 229 2075 erl
263 2010 437 2091 legitimam
466 2012 692 2075 auctoritatem
727 2010 881 2075 adversus
906 2010 1106 2077 obedientiae
1133 2027 1226 2091 prae-

59 2105 183 2181 reptum
207 2115 228 2161 a
242 2098 456 2178 superioribus
472 2098 590 2179 dutum,
606 2097 852 2180 haudquaquam
867 2098 1034 2163 obediendi
1057 2096 1225 2179 obligatio«

59 2204 131 2252 nem
155 2185 367 2266 suspendere,
398 2203 456 2250 nee
485 2185 578 2250 focile
600 2185 727 2250 illorum
756 2186 937 2252 lebentem
966 2203 1036 2257 osse
1058 2186 1224 2263 rationem,

58 2274 120 2339 nisi
150 2274 239 2355 prius
272 2272 424 2353 religiosi,
458 2275 513 2355 qni
544 2273 803 2354 reclamaverint,
838 2274 1038 2356 superiorum
1067 2273 1226 2338 moneatis

58 2361 231 2444 prunerint
281 2359 315 2425 Si
344 2361 416 2442 quis
445 2369 553 2433 antem
576 2361 618 2427 ad
652 2362 884 2444 intercipienda
910 2360 1115 2443 Superiorem
1135 2377 1226 2431 mon-

60 2450 135 2515 ‹lata
159 2447 330 2529 confugere
352 2449 394 2513 ed
417 2448 541 2528 leieam,
565 2450 615 2514 rel
638 2450 748 2529 eliam,
777 2467 860 2530 quae
882 2455 1063 2532 eompetens
1084 2467 1148 2515 non
1171 2449 1224 2528 sit,

59 2542 253 2620 potestatem
270 2540 417 2617 attentet,
433 2536 628 2601 admonitum
644 2555 716 2601 eum
732 2537 886 2618 volamus,
902 2555 939 2603 se
960 2539 1100 2620 graviter
1115 2541 1229 2603 cemma

60 2624 257 2691 meierum
281 2628 388 2687 votum
410 2623 575 2690 lecturum.

510 3058 544 3141 3.
587 3058 774 3142 SOHllll
934 3056 940 3092 ¹

85 3232 435 3300 consononroms
459 3232 595 3300 soene
618 3231 840 3300 eneruem
862 3233 964 3299 vina
987 3233 1198 3301 oomuoro.

164 3392 356 3473 Regularem
371 3392 606 3460 observantiam
628 3394 667 3458 ob
691 3393 724 3458 id
746 3393 947 3476 potissimm
961 3391 1076 3463 collabi
1099 3391 1228 3473 oigoose

59 3481 165 3560 atur,
188 3479 272 3562 quod
296 3477 438 3561 perfecta
459 3481 528 3547 vita
549 3481 740 3562 eommunis,
776 3499 874 3562 qnam
904 3480 1009 3553 sancti
1030 3478 1225 3561 regularior

58 3567 217 3636 Ordinem
249 3567 471 3646 institutores,
501 3587 593 3635 sunm
621 3568 721 3637 veluti
743 3567 920 3639 aedificium
942 3566 1228 3639 remunerere

57 3654 247 3737 liseiplinas
281 3660 557 3738 snperextuuetnm
590 3655 773 3736 voluerunt,
805 3662 840 3727 et
865 3675 885 3725 a
915 3656 983 3727 suis
1014 3654 1227 3727 sectatoribus

58 3743 181 3813 sersmi
203 3742 403 3823 mernerunt,
427 3760 525 3825 penes
546 3743 654 3824 plures
677 3743 844 3825 religiosos
865 3743 1001 3813 Ordines
1022 3742 1058 3807 in
1079 3743 1228 3811 oemun-

58 3832 164 3897 dinem
199 3829 323 3894 abierit.
379 3829 444 3895 Ubi
479 3831 561 3894 enim
588 3831 629 3896 ab
660 3831 825 3914 designato
858 3849 877 3894 e
906 3830 1023 3895 sanetis
1051 3829 1128 3894 viris
1156 3847 1227 3911 per·
1367 3827 1372 3839 “

57 3917 206 3985 iectionis
240 3920 367 3983 tramite
403 3917 526 3983 deflecti
557 3919 731 4000 contingat,
768 3919 923 3999 paulatim
957 3936 978 3981 e
1010 3934 1086 3982 vero
1117 3935 1227 3982 eorum

175 4126 197 4195 ¹)
218 4125 244 4179 S.
262 4129 334 4194 Aug.
354 4126 387 4182 de
405 4127 517 4181 civitate
535 4127 581 4181 lib.
600 4130 644 4183 44.
662 4143 722 4197 rap.
742 4130 784 4183 12.
