2872 4874
712 118 880 171 Possunxnl

779 309 804 373 I.

569 449 620 514 De
642 448 788 513 Juuteits
814 447 1019 516 Clericorum.

1418 539 1433 570 ’11

317 591 353 656 11
382 590 492 670 Belgio
524 589 677 654 Tribunal
700 588 958 654 Ecclesiasticum
985 590 1018 654 in
1047 587 1180 655 Clericis
1201 589 1350 670 judicandis
1380 656 1383 661 ,
1432 628 1435 653 2

211 680 316 760 potius
340 684 507 758 paternum
531 679 637 743 vocari
659 683 777 758 posset,
801 675 899 759 fitque
923 677 992 741 sine
1016 676 1081 741 ullo
1105 677 1251 759 strepitu.
1282 677 1350 742 Pres-
1415 718 1431 742 1

211 768 315 849 byteri
336 766 478 847 prolapsi
502 766 542 830 ab
566 765 722 847 Episcopo
744 773 900 829 vocantur
922 771 957 829 et
979 766 1207 831 correctionem
1230 783 1351 846 poenum·

214 872 275 935 que
299 855 417 936 passim
441 853 578 918 subeunt
601 853 764 931 submisse,
790 851 922 916 firmiter
936 855 1081 933 persuasi
1104 853 1182 918 haec
1205 851 1271 918 fieri
1287 855 1352 935 juste
1416 890 1436 921 v.

214 948 247 1006 et
269 942 522 1007 misericorditer.
575 942 611 1006 ln
634 941 794 1006 tabulario
818 942 868 1004 vix
890 940 1011 1022 aliquid
1041 946 1189 1006 servatur
1211 959 1271 1022 quo
1289 938 1351 1006 1111
1431 977 1436 1008 ·.

214 1028 299 1095 Cleri
328 1030 481 1093 immuuui
511 1029 678 1110 aliquando
709 1028 821 1109 possit,
857 1028 918 1092 uisi
948 1030 1173 1110 praevideatur
1205 1028 1350 1094 necessitas

214 1116 384 1182 adhibendi
406 1117 561 1198 quaedam
585 1118 783 1195 documenta,
808 1117 835 1180 si
858 1116 897 1179 de
919 1117 1077 1180 sententia
1099 1114 1284 1198 appelletur.
1409 1153 1421 1173 .

320 1203 504 1270 Postulatur
526 1206 631 1286 itaque
661 1210 697 1268 ut
720 1204 857 1268 addatur
888 1203 920 1267 in
944 1204 1079 1269 decretis
1109 1204 1150 1269 de
1171 1205 1306 1286 judiciis:
1331 1202 1365 1266 si·
1397 1269 1398 1272 ,

215 1292 331 1357 alicubi
355 1294 459 1358 omnia
481 1299 613 1374 paterne
636 1292 723 1371 fiant,
750 1293 795 1356 ita
818 1296 854 1354 ut
876 1291 1041 1372 disciplina
1071 1291 1281 1358 ecclesiastica
1298 1290 1352 1355 inde
1417 1329 1432 1355 o

214 1380 335 1444 nullum
359 1381 508 1445 damnum
537 1381 693 1462 patiatur,
728 1379 809 1443 hanc
833 1380 971 1461 praxim,
1004 1379 1239 1445 mansuetudini
1260 1376 1352 1444 Christi
1396 1361 1436 1527 a

214 1467 414 1548 conformem,
440 1469 527 1534 nullo
550 1469 643 1532 modo
667 1468 879 1548 improbatam
901 1466 1057 1533 volumus,
1401 1476 1436 1588 'ff

777 1697 817 1760 ΙΙ.

550 1836 602 1900 De
627 1835 824 1901 clericorum
847 1834 1047 1900 Seuuuturu'o‘s.

319 1978 494 2042 Seminaria
516 1977 547 2040 in
571 1976 680 2058 Belgio
704 1975 816 2040 florent
839 1976 951 2039 studiis
975 1977 1347 2056 1111111111111111
1417 1964 1426 2069 1

99 2131 101 2136 ,
215 2067 299 2146 quod
333 2066 450 2129 alumni
486 2065 671 2128 humaniora
710 2065 868 2128 discentes
903 2064 1080 2126 educantur
1113 2064 1146 2126 iu
1179 2063 1301 2140 minori,
1324 2059 1348 2120 ul
1417 2078 1424 2145 1

214 2154 322 2218 vocari
357 2153 454 2232 solet,
493 2152 680 2231 Summano,
717 2160 804 2216 veste
835 2151 979 2215 modesta
1011 2169 1074 2214 non
1108 2159 1217 2215 tamen
1249 2159 1353 2233 110111
1414 2148 1423 2161 ”

216 2239 353 2305 clericali
386 2240 502 2318 induti,
536 2241 661 2303 omnino
695 2241 834 2320 separati
868 2239 907 2302 ab
942 2238 1086 2302 Alumnis
1121 2239 1175 2319 qui
1207 2231 1354 2318 disciplinis
1413 2293 1436 2313 ,,

213 2327 400 2408 theologicis
423 2328 617 2391 incumbunt.
663 2327 705 2391 Hi
727 2333 834 2391 autem
857 2326 898 2390 ad
922 2326 1047 2390 ordines
1070 2345 1134 2390 nou
1158 2327 1356 2395 admittuntur,
1425 2383 1432 2397 ,,

213 2421 384 2495 antequam
408 2433 464 2495 per
492 2413 619 2495 longum
644 2421 777 2496 tempus,
807 2432 906 2478 annos
930 2414 1049 2479 scilicet
1071 2420 1137 2478 tres
1161 2414 1212 2478 vel
1235 2415 1358 2501 quatuos
1409 2472 1412 2477 .

215 2504 247 2566 in
272 2501 424 2566 Convictu
457 2502 623 2567 Seminarii
651 2505 742 2583 quasi
768 2505 801 2567 in
837 2503 993 2566 novitiatu
1023 2501 1142 2566 ordinis
1171 2495 1361 2567 ecclesiastic
1430 2540 1431 2547 .

214 2589 359 2654 vixerint.
1216 2640 1221 2651 .
1434 2642 1435 2650 ,

320 2676 503 2742 Ρο11111111
531 2679 637 2758 itaque
668 2683 704 2742 ut
732 2677 793 2742 hoc
820 2676 1069 2742 Seminariorum
1100 2677 1243 2758 regimen
1265 2683 1368 2758 appro·
1427 2719 1436 2794 1

215 2764 316 2844 betur,
346 2765 395 2829 vel
419 2765 533 2830 saltem
565 2764 651 2829 nullo
675 2766 768 2830 modo
791 2765 1001 2846 improbatum
1035 2765 1248 2846 improbatum
1269 2763 1373 2851 nuque
1415 2816 1420 2833 .

215 2852 377 3002 1111111111
400 2854 427 2916 11
450 2852 533 2916 nude
557 2855 755 2934 praescripta
779 2852 909 2918 Concilii
932 2851 1109 2916 Tridentini
1133 2852 1172 2916 de
1195 2840 1377 2917 Semiuur'lls
1431 2809 1436 2922 1

215 2940 288 3005 incu
302 2946 461 3006 curentur.

771 3133 827 3197 III.

274 3272 327 3337 De
350 3272 519 3337 collottoue
542 3271 745 3336 ecclesiarum
761 3272 1000 3353 parochialium
1024 3278 1053 3335 et
1075 3271 1316 3338 succursulu‘uu.

325 3418 353 3475 1.
377 3409 556 3477 Concursus
580 3413 621 3474 ad
637 3410 736 3476 Curas
760 3411 937 3493 pastorales
957 3413 990 3476 in
1013 3410 1121 3492 Belgio
1138 3411 1184 3476 sic
1207 3403 1407 3476 ordinatus·

217 3500 400 3583 Presbyteri
422 3500 453 3563 in
477 3516 603 3562 sacmm
626 3500 833 3564 ministerium
857 3501 944 3564 missi
969 3497 1020 3563 vel
1044 3500 1085 3564 ad
1108 3499 1282 3565 docendam
1305 3479 1409 3576 adl?

216 3586 401 3653 lescentiem
436 3587 594 3667 deputati,
628 3586 761 3668 singulis
793 3589 883 3651 annis
913 3588 964 3651 vel
987 3585 1121 3651 bienniis
1151 3587 1184 3651 iu
1207 3575 1410 3669 8111111110

218 3680 452 3757 congregantur
475 3679 509 3738 et
531 3693 588 3755 per
611 3693 741 3739 examen
764 3675 796 3738 in
819 3675 954 3756 scriptia,
978 3674 1061 3756 quod
1085 3675 1177 3756 quasi
1202 3665 1410 3740 uouursd

219 3762 374 3844 appellari
396 3766 514 3842 potest,
547 3764 691 3827 suumin
716 3764 859 3828 doctrina
889 3781 981 3826 sacra
1003 3780 1207 3845 progressum
1234 3742 1407 3843 probunt:

217 3849 360 3914 Examen
381 3848 460 3913 illud
483 3866 540 3913 seu
564 3849 744 3915 Concursus
768 3870 824 3931 per
846 3851 997 3932 plurimos
1026 3868 1125 3914 annos
1149 3850 1258 3931 durat,
1294 3852 1332 3913 11
1380 3843 1404 3891 ‘¹¹

171 3949 178 3961 ·
218 3938 312 4020 hujus
335 3938 540 4001 nominantur
563 3944 786 4002 concurrentes
803 3939 844 4004 ad
867 3935 968 4002 Curas
991 3937 1167 4019 pastorales
1183 3955 1265 4019 quae
1287 3933 1399 4001 ruffi·

220 4026 332 4089 verint.
377 4024 460 4089 Hinc
481 4026 625 4105 sequitur
649 4024 835 4091 Sacerdotes
866 4044 928 4090 uon
952 4032 1076 4089 tantum
1098 4025 1201 4102 semet,
1226 4031 1261 4090 ut
1282 4023 1393 4106 Syn&

219 4113 277 4175 dus
300 4111 488 4177 Tridentino
510 4113 652 4193 requirit,
678 4113 734 4177 sed
758 4115 859 4178 sexies
882 4121 938 4177 aut
961 4113 1058 4178 etiam
1080 4113 1185 4177 decies
1207 4107 1384 4194 perieulum
