2872 4874
137 353 200 413 110
416 354 420 360 “
639 364 807 410 rosaceum

134 506 270 571 Matrem
302 523 390 570 suam
428 522 521 586 posse
560 503 753 568 clarissimus
791 501 958 568 Suaresius
994 502 1103 583 docet,
1137 502 1185 567 III
1216 508 1301 584 part..

131 612 165 675 q.
189 593 346 672 XXXVII,
380 597 439 660 art.
464 597 494 658 4.
552 590 657 670 ,Haec
684 610 768 655 nunc
791 596 841 655 est
875 609 957 671 caro,
982 590 1021 655 de
1051 608 1114 671 qua
1145 595 1194 656 est
1224 608 1301 656 caro

134 685 260 749 luca.“‘
288 681 331 744 Et
364 698 422 746 nos
457 697 566 744 omnes
598 676 730 743 firmiter
759 676 918 742 affirmare
950 695 1133 759 possumus,
1174 675 1301 760 Corpus

98 816 103 823 .
135 761 272 849 Virginis
296 764 392 833 fuisse
419 765 649 851 quodammodo
681 766 805 831 initium
827 765 986 830 humanae
1008 764 1134 846 salutis,
1163 765 1239 848 quia
1263 783 1303 830 ex

133 855 219 920 illius
243 855 395 936 sanguine
419 871 535 937 corpus
558 850 678 919 Christi
700 859 860 935 sumptum
883 859 945 934 est,
978 851 1145 943 quod'fuit
1167 858 1302 921 nostrae

135 943 247 1009 salutis
270 944 422 1024 pretium,
458 940 592 1023 ideoque
615 943 802 1007 inconcussa
829 939 891 1006 lide
913 941 1095 1021 tenendum,
1118 940 1204 1006 idem
1228 942 1302 1006 Vir·

31 1052 35 1061 ¹
135 1033 216 1113 ginis
240 1029 364 1112 Corpus
397 1030 551 1111 singulari
580 1030 671 1093 modo
706 1030 955 1111 redemptionem
983 1029 1210 1110 participasse,
1244 1047 1302 1095 seu

135 1119 343 1199 anticipatum
367 1116 500 1200 gloriam
523 1122 556 1182 et
578 1117 849 1182 Immortalitatem
873 1122 1101 1198 consequutum
1122 1115 1232 1182 fuisse.

239 1205 372 1288 Insuper
395 1205 433 1272 de
455 1205 516 1270 hac
537 1204 760 1270 Irnmaculatae
782 1205 923 1287 Virginis
945 1204 1188 1270 Resurrectione
1212 1208 1247 1269 et
1270 1205 1301 1268 in

133 1290 239 1359 coelos
261 1293 494 1374 Assumptione,
517 1294 565 1357 uti
580 1311 619 1357 ex
642 1292 787 1358 concordi
809 1293 964 1374 majorum
980 1309 1144 1374 consensu,
1169 1297 1203 1358 et
1228 1311 1301 1359 con·
1325 1346 1329 1353 .

134 1381 244 1460 616611,
275 1379 409 1461 publico,
440 1380 635 1460 solemnique
668 1379 755 1444 cultu
778 1379 864 1446 clare
894 1380 1060 1458 evincitur,
1094 1378 1229 1460 antiqua
1253 1384 1301 1444 est

135 1469 300 1549 utriusque
322 1467 484 1534 Ecclesiae
500 1467 647 1550 traditio;
672 1466 714 1533 ad
736 1487 832 1549 quarn
856 1468 1045 1532 servandam
1059 1468 1107 1540 rei
1129 1466 1300 1533 manifesta

136 1554 340 1621 cohaerentia
367 1574 438 1621 cum
465 1555 536 1621 aliis
568 1557 687 1622 Beatae
710 1555 847 1637 Virginis
879 1557 1121 1638 praerogativis,
1158 1555 1300 1622 carentia

135 1643 349 1725 reliquiarum,
373 1643 637 1728 sepulchrumque
660 1662 793 1726 corpore
819 1644 959 1724 virgineo
982 1662 1115 1708 vacuum
1139 1643 1297 1726 conspIra·

135 1731 240 1796 bant‘
275 1731 366 1811 Quod
397 1732 424 1797 si
453 1731 622 1813 ailquando
656 1731 814 1797 nonnullis
844 1731 1013 1796 haesitatio
1041 1731 1198 1812 quaedam
1228 1730 1297 1812 luit,

132 1819 307 1900 occasione,
332 1825 369 1884 ut
390 1820 527 1900 videtur,
551 1819 680 1884 Decreti
704 1819 876 1899 Gelasiani,
903 1819 941 1884 de
963 1818 1067 1883 Libris
1091 1819 1297 1902 Apocrypbis,

136 1926 175 1972 ea
198 1913 391 1973 tamennon
414 1908 572 1988 obstante,
604 1909 788 1988 antiquaet
810 1904 999 1972 venerabilis
1023 1908 1180 1971 sententia
1203 1905 1296 1972 talem

136 2000 233 2060 nacta
256 2002 306 2060 est
327 2015 347 2059 6
368 1995 512 2077 pluribus
535 1994 670 2060 saeculis
694 2013 889 2074 consensum,
925 1999 960 2058 ut
984 2013 1002 2058 a
1024 1993 1193 2075 Theologis
1218 2012 1296 2060 com·

136 2083 274 2148 munitor
302 2083 460 2148 habeatur
482 2101 539 2164 pro
572 2088 659 2148 certa
682 2082 715 2148 61
739 2080 889 2147 definibili
913 2082 952 2147 de
985 2080 1060 2157 fide,
1093 2081 1132 2146 de
1156 2100 1219 2162 qua
1242 2080 1298 2146 du-

135 2170 239 2235 bitare
261 2171 328 2235 viro
360 2170 513 2236 catholico
540 2170 628 2236 nefas
653 2171 707 2249 sit,
738 2172 833 2235 immo
857 2189 919 2234 non
953 2169 1066 2233 desunt
1089 2188 1204 2250 graves
1228 2187 1297 2235 auc·

136 2264 236 2338 toreS,
271 2259 324 2339 qui
356 2276 426 2322 eam
449 2265 486 2323 ut
513 2259 579 2340 jam
611 2259 651 2322 de
682 2257 743 2322 fide
771 2258 937 2329 habeant..
972 2255 1055 2321 Satis
1085 2257 1156 2322 heic
1185 2257 1247 2322 erit
1268 2256 1299 2320 in

136 2346 488 2418 memoriamrevocare
520 2345 683 2411 Benedicti
711 2345 796 2411 XIV.
827 2345 936 2423 verba,
969 2345 1022 2425 qui
1051 2350 1219 2426 postquam
1244 2361 1300 2426 pro

137 2434 220 2497 uirili
244 2452 302 2498 sua
324 2439 415 2513 parte
434 2433 473 2498 de
495 2419 547 2514 pia
570 2434 728 2497 sententia
745 2433 939 2512 disseruerit,
964 2433 1062 2509 addit,
1086 2432 1134 2497 De
1158 2432 1298 2497 canonia.

139 2520 244 2586 Sanct.
267 2520 320 2584 lib.
348 2520 373 2587 I.
407 2540 474 2601 cap.
498 2520 594 2587 XLII.
619 2539 650 2584 n.
682 2525 731 2586 15.
785 2522 833 2585 De
855 2521 967 2585 eodem
999 2520 1121 2584 scilicet
1150 2519 1233 2585 festo
1256 2520 1299 2585 lo·

138 2609 246 2688 quitur
275 2614 405 2672 sanctus
439 2609 629 2688 Bernardus,
666 2627 715 2689 ep.
746 2614 817 2671 174.
851 2607 892 2672 ad
924 2606 999 2673 Can.
1024 2607 1124 2689 Lugd.
1156 2627 1244 2671 num.
1271 2613 1297 2672 3.

138 2695 225 2762 Tom.
261 2695 301 2760 II.
336 2714 406 2777 opp.
468 2697 601 2777 ,Accepi
634 2714 710 2761 sane
746 2697 785 2760 ab
820 2696 961 2761 Ecclesia
992 2694 1081 2759 illum
1114 2695 1197 2759 diem
1228 2713 1300 2759 cum

139 2801 262 2854 summa
283 2785 484 2866 veneratione
507 2783 719 2862 recolendum,
744 2783 827 2865 quod
843 2783 939 2849 coelis
961 2783 1070 2847 intulit
1092 2783 1301 2848 celeberrima

138 2870 221 2936 festa
235 2871 431 2951 gaudiorum.
456 2871 603 2953 Gregorii
619 2879 787 2953 praeterea
801 2871 1003 2950 Turonensis
1024 2871 1166 2935 Andreae
1182 2870 1299 2934 Hiero-

70 2958 80 2971 '
138 2957 325 3041 solymitani,
351 2957 497 3042 Gregorii
518 2959 628 3041 Magni
649 2957 814 3042 pontificis,
838 2958 1019 3041 Ildephonsi
1039 2959 1184 3023 Toletani
1207 2959 1302 3039 Epis-

138 3047 217 3128 copi,
243 3047 374 3111 Ioannis
401 3048 598 3125 Damasceni,
629 3047 782 3111 Bernardi
806 3047 886 3114 Abb.
915 3047 1105 3111 assertiones
1136 3046 1301 3128 praeclare

139 3132 312 3198 ostendunt
334 3134 552 3198 Beatissimam
577 3134 738 3215 Virginem
762 3133 887 3216 placida
910 3139 1012 3198 morte
1035 3134 1129 3198 terris
1153 3138 1302 3214 ereptam

139 3222 172 3284 in
195 3220 299 3287 coelos
322 3223 430 3286 statim
454 3227 649 3303 assumptam
671 3221 776 3286 fuisse.
822 3221 898 3286 Prae
923 3239 960 3285 ac
984 3222 1149 3303 religIosae
1173 3227 1303 3286 senten·

138 3308 203 3372 tiae
226 3309 265 3374 de
295 3315 457 3390 assumpto
491 3310 524 3373 in
552 3309 657 3374 coelos
692 3310 830 3390 Virginis
869 3327 1000 3392 corpore
1034 3311 1174 3374 rationes
1203 3310 1302 3373 etiam

138 3396 337 3478 theologicae
369 3395 584 3478 suffragantur
616 3398 734 3479 petitae
759 3416 796 3461 ex
826 3396 981 3477 dignitate
1015 3396 1127 3461 matris
1157 3397 1227 3476 Dei,
1262 3395 1302 3460 ab

140 3483 306 3549 excellenti
328 3485 526 3573 vlrginitate,
557 3485 597 3549 ab
619 3486 737 3566 insigni
768 3501 862 3565 super
890 3503 999 3549 omnes
1022 3484 1164 3549 homines
1189 3489 1222 3549 et
1246 3502 1304 3548 an·

138 3570 226 3654 gelos
250 3573 430 3651 sanctitate,
463 3592 502 3636 ex
524 3572 635 3637 intima
663 3590 732 3637 cum
764 3570 890 3637 Christo
917 3571 982 3637 filio
1014 3571 1235 3652 conjunctione
1271 3578 1304 3637 61

139 3661 358 3740 06666661666,
391 3679 429 3724 cx
456 3659 511 3725 liiii
534 3660 567 3725 in
589 3665 722 3725 matrem
746 3660 963 3742 dignissimam
992 3658 1119 3739 affectu,
1155 3659 1303 3740 denique,

138 3748 223 3828 quod
246 3754 342 3828 caput
372 3751 435 3827 est,
471 3749 497 3813 si
528 3749 658 3813 ecclesia
692 3765 755 3812 non
777 3749 869 3812 modo
901 3754 1099 3829 assumptam
1121 3749 1154 3811 in
1177 3746 1304 3813 coelum

139 3835 297 3917 Virginem
324 3834 471 3915 celebrat,
504 3835 679 3902 sedetiam
708 3835 854 3900 homilias
878 3842 1059 3912 sanctorum
1082 3833 1213 3901 Ioannis
1238 3836 1304 3900 Da·

139 3923 277 3988 masceni
300 3927 332 3988 61
365 3922 520 3990 Bernardi
542 3923 694 4004 legendas
724 3922 868 3988 fidelibus
891 3924 1000 4004 tradit,
1028 3941 1110 4003 quae
1135 3941 1206 3987 cum
1230 3940 1303 3988 cor-

138 4028 214 4091 pore
237 4010 330 4075 simul
354 4017 386 4077 61
408 4013 513 4076 anima
540 4016 735 4090 assumptam
758 4011 972 4076 disertissimis
1003 4012 1107 4076 verbis
1130 4007 1301 4090 affirmant,

139 4096 190 4250 ded
209 4096 276 4180 ejus
307 4099 499 4165 auctoritate
532 4106 565 4164 et
594 4095 743 4180 suffragio
772 4099 956 4180 neutiquam
991 4098 1199 4164 dubitandum
1233 4115 1304 4164 esse

137 4185 169 4250 vi
191 4189 291 4252 eturl‘

243 4272 365 4340 Exinde
388 4274 482 4359 plane
506 4277 632 4339 constat
654 4272 714 4338 hoc
735 4273 943 4356 priuilegium,
968 4272 1052 4355 quod
1074 4275 1106 4337 in
1129 4277 1305 4357 systemate

138 4358 283 4427 Mariano
319 4363 486 4444 conspicua
522 4379 599 4444 pars
637 4367 698 4443 e'st,
736 4359 883 4443 quodque
920 4366 1085 4443 tantopere
1123 4379 1196 4426 cum
1233 4361 1305 4428 aliis
