2872 4874
226 321 252 379 4⁴
610 333 802 381 conspicuum
825 335 995 382 nocuerim

226 473 409 539 effusionem
441 478 588 537 constans
623 472 719 536 ardor
750 474 782 535 in
815 471 934 538 Christi
963 493 1061 554 regno
1092 474 1158 538 late
1191 494 1248 556 per
1282 474 1397 539 orbern

225 561 440 643 propagando.

332 649 557 712 Verumtamen
580 647 657 711 haec
680 647 805 729 aliaque
828 649 964 729 iusignia
988 649 1210 727 emolumenta,
1234 668 1314 730 quae
1336 670 1399 730 per

225 735 370 800 ultimam
393 737 527 799 maxime
555 736 790 800 oecumenicam
812 735 972 817 Synodum
1007 737 1113 800 divina
1143 737 1311 801 clementia
1336 739 1399 802 Ec-

225 823 340 888 clesiae
363 823 482 905 largita
506 828 568 900 est,
593 823 668 886 dum
692 828 800 903 grato,
826 842 887 903 quo
911 843 969 904 par
992 829 1056 902 est,
1081 827 1184 888 auimo
1208 825 1398 902 recolimus3

225 911 374 975 acerbum
398 928 599 990 compescere
622 910 707 973 haud
736 929 902 991 possumus
927 911 1068 977 dolorem
1101 914 1140 976 ob
1165 913 1249 976 mala
1272 915 1397 993 gravis-

225 1000 314 1077 sima,
337 999 410 1062 inde
434 999 631 1078 potissimum
655 1003 736 1075 orta,
760 999 844 1080 quod
866 999 1007 1078 ejusdem
1030 1005 1253 1064 sacrosanctae
1275 999 1399 1081 Synodi

224 1086 310 1168 apud
341 1086 514 1166 permultos
548 1085 599 1150 vel
636 1087 809 1151 auctoritas
840 1093 1037 1169 contempta,
1073 1088 1123 1151 vel
1159 1089 1398 1170 sapientissima

225 1173 374 1257 neglecte¹
396 1172 483 1238 luere
507 1173 647 1239 decreta.
1299 1179 1301 1183 ‘

331 1253 430 1325 Nemo
465 1263 547 1325 enim
581 1261 725 1343 ignorat,
759 1260 924 1341 haereses,
960 1280 1039 1343 quas
1069 1261 1246 1326 Tridentini
1281 1263 1396 1328 Patres

225 1350 489 1431 proscripserunt,
514 1350 597 1428 dum,
622 1351 741 1431 rejecto
766 1349 869 1413 divino
885 1349 1047 1414 Ecclesiae
1063 1351 1256 1432 magisterio,
1281 1370 1333 1415 res
1352 1354 1394 1415 ad

224 1437 408 1518 religionem
440 1442 622 1517 spectantes
655 1437 768 1518 privati
801 1438 939 1517 cujusvis
969 1438 1088 1518 judicio
1123 1439 1395 1520 permitterentur,

226 1526 258 1588 in
281 1530 384 1588 sectas
408 1524 572 1605 paullatim
596 1523 767 1588 dissolutas
791 1542 860 1588 esse
884 1524 1089 1607 multiplices,
1115 1527 1227 1604 quibus
1251 1527 1336 1590 inter
1360 1545 1394 1592 se

226 1612 486 1677 dissentientibus
510 1618 542 1676 et
575 1612 844 1690 concertantibus,
881 1615 983 1677 omnis
1014 1615 1143 1677 tandein
1176 1615 1209 1677 in
1232 1611 1395 1678 Christum

224 1697 303 1763 fides
338 1700 422 1782 apud
455 1718 518 1764 non
553 1716 672 1780 paucos
706 1697 901 1764 labefactata
937 1708 995 1764 est.
1052 1701 1165 1781 ltaque
1199 1703 1268 1782 ipsa
1302 1721 1394 1766 sacra

225 1787 344 1866 Biblia,
380 1806 461 1873 quae
494 1792 590 1852 antea
613 1787 804 1852 christianae
828 1789 989 1852 doctrinae
1012 1790 1123 1852 unicus
1146 1788 1215 1853 lons
1241 1796 1273 1854 et
1294 1789 1392 1869 judex

226 1877 467 1954 asserebantur,
499 1877 565 1957 J'am
588 1895 652 1938 non
675 1894 735 1955 pro
757 1876 870 1939 divinis
894 1876 1015 1954 haberi,
1052 1877 1114 1940 imo
1139 1876 1286 1958 mythicis
1309 1897 1394 1942 com-

225 1964 341 2028 mentis
365 1965 527 2027 accenseri
549 1970 731 2043 coeperunt.

333 2052 412 2117 Tum
435 2058 511 2115 nata
535 2057 583 2114 est
607 2057 640 2114 et
662 2052 726 2114 late
748 2053 841 2114 nimis
864 2069 920 2130 per
943 2053 1050 2115 orbem
1073 2058 1190 2132 vagata
1213 2051 1267 2114 illa
1296 2053 1392 2116 ratio-

226 2139 351 2203 nalismi
386 2157 442 2204 seu
476 2137 677 2201 naturalisrni
712 2139 870 2215 doctrina,
908 2157 989 2217 quae
1024 2139 1168 2220 religioni
1203 2139 1394 2204 christianae

209 2230 336 2307 utpote
363 2224 598 2306 supernaturali
631 2225 778 2288 instituto
812 2243 869 2304 per
909 2226 1013 2288 omnia
1048 2227 1236 2301 adversans,
1271 2244 1393 2289 summo

226 2315 331 2378 studio
347 2314 484 2390 molitur,
509 2322 544 2374 ut
560 2310 696 2388 Christo,
722 2312 775 2390 qui
798 2311 883 2374 solus
899 2311 1054 2374 Dominus
1070 2318 1101 2374 et
1118 2312 1261 2376 Salvator
1285 2318 1394 2374 noster

226 2407 284 2481 est,
310 2421 329 2465 a
351 2401 509 2464 mentibus
526 2399 686 2473 ‘hunmnis
711 2416 730 2460 a
754 2400 818 2460 vita
842 2403 874 2461 et
896 2398 1034 2460 moribus
1050 2397 1238 2477 populorum
1254 2396 1391 2476 excluso,

225 2508 334 2554 merae
366 2487 450 2569 quod
477 2492 594 2552 vocant
628 2485 761 2549 rationis
792 2484 844 2549 vel
873 2492 1009 2549 naturae
1036 2503 1169 2566 regnum
1200 2484 1391 2548 stabiliatur.

225 2577 348 2642 Relicta
383 2582 490 2640 autem
524 2573 727 2655 projectaque
762 2573 933 2637 christiana
967 2572 1133 2653 religione,
1169 2580 1285 2653 negato
1317 2591 1392 2637 vero

226 2665 293 2731 Deo
317 2669 349 2729 et
372 2662 499 2727 Christo
522 2663 607 2744 ejus,
642 2662 792 2743 prolapsa
822 2661 953 2726 tandem
977 2667 1025 2725 est
1048 2660 1220 2724 multorum
1248 2679 1337 2724 mens
1360 2662 1392 2724 in

224 2752 431 2834 pantheismi,
467 2749 700 2830 materialismi,
730 2749 878 2814 atheismi
901 2748 1102 2826 barathrum,
1139 2755 1176 2812 ut
1203 2751 1269 2830 jam
1292 2749 1393 2828 ipsam

224 2839 414 2918 rationalem
429 2843 585 2916 naturam,
609 2838 804 2917 omnemque
815 2838 895 2920 justi
917 2837 1058 2918 rectique
1073 2854 1215 2900 normam
1231 2841 1392 2917 negantes,

225 2931 290 2993 ima
312 2929 471 2992 humanae
494 2926 658 2991 societatis
681 2923 886 2990 fundamenta
909 2925 1035 2988 diruere
1058 2926 1269 2989 connituntur.

259 3038 262 3044 ’
330 3015 401 3083 Hac
423 3033 518 3096 porro
541 3016 707 3094 impietate
730 3014 974 3093 circumquaque
1007 3020 1190 3094 grassante,
1224 3011 1394 3076 infeliciter

227 3105 368 3186 contigit,
392 3112 429 3167 ut
452 3104 559 3185 plures
582 3103 679 3166 etiam
703 3120 719 3164 e
742 3100 918 3165 catholicae
933 3100 1096 3165 Ecclesiae
1110 3100 1182 3163 filiis
1199 3119 1219 3163 a
1234 3101 1285 3163 via
1300 3117 1393 3163 verae

225 3192 356 3271 pietatis
379 3192 580 3267 aberrarent,
612 3191 644 3252 in
666 3189 782 3268 iisque,
819 3190 980 3252 diminutis
1003 3187 1170 3268 paullatim
1194 3188 1392 3266 veritatibus

225 3295 337 3359 sensus
361 3278 534 3344 catholicus
557 3282 785 3342 attenuaretur.
833 3277 937 3340 Variis
961 3277 1044 3340 enim
1066 3294 1103 3338 ac
1126 3275 1301 3356 peregrinis
1322 3275 1393 3339 doc-

226 3366 318 3431 trinis
353 3366 498 3444 abducti,
531 3371 680 3430 naturam
712 3371 745 3428 et
778 3366 932 3445 gratiam,
968 3363 1135 3427 scientiam
1169 3362 1338 3426 humanam
1361 3367 1394 3426 et

225 3453 319 3518 fidem
343 3454 480 3518 divinam
502 3470 670 3535 perperam
694 3453 940 3529 commiscentes,
965 3451 1136 3532 genuinum
1160 3468 1287 3515 sensum
1316 3451 1393 3532 dog-

225 3546 356 3620 matum,
380 3560 474 3621 quem
497 3547 585 3605 tenet
608 3559 645 3604 ac
669 3539 760 3603 docet
774 3539 892 3604 Sancta
908 3538 1016 3603 Mater.
1026 3538 1178 3617 Ecclesia,
1204 3539 1389 3619 depravare,

225 3630 505 3710 integritatemque
537 3635 569 3691 et
602 3628 820 3692 sinceritatem
852 3625 926 3692 fidei
960 3628 992 3690 in
1025 3626 1201 3707 periculum
1233 3626 1392 3690 adducere

226 3717 472 3798 comperiuntur.

332 3804 452 3882 Quibus
476 3803 621 3868 omnibus
644 3803 830 3883 perspectis,
854 3801 924 3866 fieri
947 3804 1001 3883 qui
1024 3808 1142 3883 potest,
1166 3806 1287 3865 utnon
1310 3819 1393 3864 com-

225 3899 414 3958 moveantur
437 3892 548 3955 intima
563 3890 725 3956 Ecclesiae
744 3891 887 3955 viscera?
910 3889 1183 3967 Quemadmodum
1206 3891 1288 3952 enim
1305 3888 1392 3953 Deus

226 3980 295 4044 vult
328 3997 436 4044 omnes
467 3977 610 4043 homines
639 3979 743 4044 salvos
773 3976 857 4058 fieri,
892 3983 925 4042 et
958 3979 1001 4042 ad
1030 3977 1224 4057 agnitionem
1246 3977 1392 4041 veritatis

225 4069 347 4145 uenire3
370 4067 633 4149 quemadmodum
657 4065 803 4131 Christus
825 4069 919 4146 venit,
945 4071 981 4129 ut
1003 4063 1125 4128 salvum
1148 4062 1282 4143 faceret,
1308 4067 1391 4144 quod

226 4157 374 4236 perierat,
399 4160 431 4220 et
453 4153 535 4218 filios
552 4153 619 4233 Dei,
642 4156 697 4236 qui
712 4158 803 4219 erant
823 4154 966 4235 dispersi,
993 4157 1201 4234 congregaret
1223 4153 1256 4215 in
1278 4170 1391 4217 unum:

225 4244 274 4308 ita
296 4243 458 4323 Ecclesia,
495 4261 518 4307 a·
538 4242 604 4306 Deo
636 4242 823 4323 populorum
846 4245 1004 4306 meteret
1030 4241 1183 4322 magistra
1207 4241 1390 4318 constituta,

226 4332 371 4409 omuibus
395 4332 581 4398 debitricem
604 4349 639 4396 se
662 4332 764 4410 novit,
789 4329 957 4412 adlapsos
983 4329 1124 4410 erigere,
1148 4329 1293 4394 labantes
1322 4345 1392 4395 sus-
