2872 4874
457 355 552 402 morx
574 355 679 403 6116611
701 355 739 402 111
760 355 972 407 rumosam
1239 345 1302 419 266

352 546 394 600 De
413 545 592 600 conversione
611 544 760 600 infidelium
776 585 1135 605 ..........
1174 496 1259 603 lod*

364 674 377 701 „
407 633 590 688 schismaticis
603 633 711 703 graecis
729 632 764 687 ad
784 634 918 688 unitatem
930 632 1074 690 Ecclesiae
1092 650 1135 689 re·

458 719 618 788 collipeudis
637 761 1134 779 ............
1173 725 1224 777 164

365 848 378 876 ,,
409 807 552 861 dividenda
570 809 614 862 vel
632 807 805 877 duplicanda,
831 809 950 862 maxime
968 808 996 862 in
1013 807 1137 864 favorem

459 895 654 964 Orientalium,
682 912 762 951 secra
788 895 1009 964 Congregatioue
1028 897 1132 966 Propa-

455 984 561 1050 gandae
578 982 643 1037 fidei
685 1023 1136 1042 ............
1175 989 1225 1040 165

365 1110 377 1137 ,‚
408 1070 568 1125 reducendis
588 1072 736 1126 haereticis
773 1111 1133 1130 .........
1173 1077 1222 1128 166

364 1198 377 1225 ,,
407 1159 581 1213 cautionibus
598 1159 625 1211 in
645 1158 802 1213 redactioue
824 1159 1007 1214 Decretorum
1025 1175 1136 1215 errores

458 1246 693 1300 condemnantium
710 1262 783 1300 nunc
801 1246 964 1301 adhibendis
996 1286 1003 1299 .
1040 1287 1047 1301 .
1083 1288 1090 1301 .
1128 1291 1134 1304 .
1172 1250 1223 1302 167

365 1373 377 1400 ,,
407 1335 537 1401 prudenti
562 1333 642 1387 modo
670 1333 831 1401 specialiter
861 1334 995 1389 servando
1021 1335 1049 1388 in
1072 1351 1136 1390 cou-

457 1421 614 1475 dcmnandis
634 1420 772 1475 modernis
790 1421 929 1476 erroribus
950 1463 1133 1480 .....
1173 1427 1224 1478 166

353 1508 446 1562 Novae
459 1508 521 1562 fidei
539 1507 721 1577 definitiones,
735 1509 789 1563 nisi
804 1526 840 1564 ex
858 1510 967 1564 omniuo
979 1512 1136 1566 necessaria

457 1611 549 1664 causa,
568 1613 622 1650 uon
642 1597 764 1652 edendae
818 1637 1134 1654 ........
1173 1601 1224 1652 168
1292 1648 1295 1653 .

351 1683 391 1737 De
410 1684 557 1738 charitatis
576 1690 605 1738 et
622 1684 827 1739 misericordiae
846 1684 972 1752 operibus
991 1684 1136 1740 laudandis

302 1808 316 1844 ,
458 1781 486 1826 61
504 1773 697 1841 promovendis
728 1812 1133 1831 ..........
1173 1775 1224 1828 158

133 1859 336 1924 Gaudisiensis
356 1859 493 1914 Antonius
510 1859 563 1927 Ep.
581 1889 615 1899 —
643 1899 1135 1919 ............
1190 1865 1223 1916 72

131 1947 311 2014 Germaniae,
330 1946 510 2014 complurium
523 1977 554 1986 —
569 1948 769 2016 Episcoporum
782 1948 922 2016 postulata
935 1947 969 2002 de
989 1938 1136 2015 disciplina
1174 1950 1224 2002 169
1244 1965 1303 2018 sqq.

139 2034 399 2101 Graciles-Verein,
427 2034 608 2105 postulatum,
640 2043 672 2089 ut
699 2034 828 2102 opificum
862 2035 992 2101 societas,
1028 2035 1077 2089 der
1103 2063 1138 2074 -

247 2138 265 2175 a
284 2122 311 2180 S.
330 2122 451 2177 Concilio
470 2123 605 2177 Vaticano
624 2123 752 2177 laudetur
770 2128 853 2191 atque
872 2122 1093 2192 commendetur.
1131 2162 1137 2174 .
1173 2127 1226 2178 217
1245 2140 1286 2191 sq.

132 2210 313 2277 ›Giennensis
333 2211 447 2264 Antonii
465 2210 518 2278 Ep.
536 2239 570 2249 —
590 2212 739 2279 propositio
763 2219 892 2280 spectans
911 2211 946 2265 ad
964 2210 1138 2278 Assumptio-

246 2313 307 2351 nem
326 2297 356 2350 B.
376 2298 413 2352 M.
433 2297 466 2354 V.
489 2299 516 2351 in
535 2299 640 2352 coelum
683 2338 1134 2357 ...........
1190 2303 1223 2351 14

139 2382 239 2435 Gratia
256 2383 446 2451 Redemptoris
465 2384 589 2452 (schema
607 2393 693 2443 const.
713 2386 816 2455 dogm.)
863 2428 869 2440 .
909 2428 915 2440 .
951 2427 958 2439 .
997 2428 1003 2440 .
1040 2428 1047 2443 .
1085 2428 1091 2440 .
1129 2426 1136 2440 .
1189 2389 1225 2439 27

198 2509 211 2536 „
336 2512 349 2540 „
464 2488 581 2528 canones
602 2474 635 2528 de
654 2504 688 2514 —
726 2513 1132 2532 ..........
1187 2477 1219 2527 31

140 2557 249 2625 Greith,
269 2558 382 2614 Carolus
399 2560 539 2628 losephus
558 2561 611 2629 Ep.
630 2561 817 2631 Sangallensis
860 2601 1133 2619 .......
1186 2563 1222 2614 94

134 2715 396 2772 llalicaruassensis
421 2718 551 2787 Episcopi
574 2720 742 2788 postulatum
766 2721 802 2774 ad
825 2722 916 2774 varias
941 2719 1082 2775 doctrinas
1102 2720 1134 2776 de

246 2805 361 2861 ecclesia
380 2814 508 2874 spectans
554 2847 1135 2864 ..............
1189 2810 1224 2862 88
1244 2823 1303 2877 sqq.

352 2894 393 2947 De
412 2900 551 2960 potestate
570 2893 760 2948 ecclesiastica
774 2933 1134 2951 .........
1189 2898 1224 2949 68

367 3022 380 3050 ,,
474 3020 487 3048 ,,
569 2981 704 3034 6666111611
729 3020 1135 3038 ..........
1189 2985 1223 3037 69

365 3109 378 3136 „
407 3068 588 3123 instructione
603 3067 754 3136 juventutis
774 3106 1133 3124 .........
1188 3073 1222 3124 89

364 3196 378 3225 „
408 3158 446 3211 sic
464 3156 544 3210 dictis
563 3156 736 3211 libertatibus
774 3195 1135 3214 .........
1189 3161 1222 3212 69

324 3277 327 3282 -
364 3284 377 3312 „
407 3242 586 3298 beneficentia
606 3244 758 3298 christiana
771 3283 1131 3301 .........
1185 3248 1219 3299 90

140 3331 266 3397 Hassun,
291 3332 428 3387 Antonius
457 3331 556 3386 Petrus
581 3331 640 3398 IX„
671 3331 832 3399 patriarcha
856 3331 1011 3386 Ciliciensis
1039 3332 1135 3384 Arme·

248 3432 346 3469 norum
388 3460 1053 3477 ...............
1090 3422 1133 3473 63.
1173 3423 1223 3473 106

141 3505 468 3562 Helveto-Benediotiuee
486 3507 713 3576 Congregationis
732 3506 870 3573 expositio
889 3512 941 3562 etc.
990 3547 997 3559 .
1040 3548 1047 3561 .
1086 3548 1092 3560 .
1130 3548 1136 3559 .
1174 3511 1225 3560 239
1244 3523 1284 3575 sq.

141 3594 287 3661 Henricus,
306 3594 401 3648 Abbas
418 3596 578 3651 monasterii
597 3593 781 3649 Eiusidlensis
816 3634 1134 3651 ........
1172 3598 1223 3647 203

138 3681 267 3736 Hominis
287 3683 388 3736 creatio
407 3690 434 3737 et
451 3689 553 3738 natura
597 3722 912 3741 ........
930 3749 932 3754 y
950 3720 1132 3737 .....
1188 3685 1222 3733 92
1277 3712 1280 3719 ,

216 3810 228 3839 „
287 3771 405 3825 elevatio
425 3779 453 3827 et
471 3773 565 3840 lapsus
601 3808 1132 3827 .............
1187 3771 1221 3820 23

354 3859 479 3914 Carones
497 3859 535 3913 de·
550 3888 583 3898 -
602 3865 704 3913 natura
722 3867 750 3911 et
769 3858 877 3925 origiue
907 3898 1133 3914 ......
1189 3858 1223 3908 30

417 3987 430 4015 „
513 3975 589 4014 „-
608 3946 759 4000 elevatione
778 3952 806 3999 et
825 3945 905 4012 lapsu
948 3985 1134 4002 .....
1189 3947 1223 3996 30

140 4033 342 4102 Hydruntinus‚
362 4034 526 4088 Vincentius
545 4033 669 4109 Andreas
688 4033 817 4102 Archiep.
863 4071 1132 4091 .......
1173 4033 1223 4084 117

142 4173 219 4241 ideo,
238 4174 392 4229 Ludovicus
411 4176 459 4243 M.,
479 4205 511 4212 —
530 4173 581 4242 Ep.
600 4145 729 4242 Liparen.
777 4211 1134 4230 .........
1173 4175 1223 4225 196

144 4263 282 4315 lucarnati
300 4262 385 4319 Verbi
402 4263 562 4332 mysterium
579 4261 700 4330 (schema
719 4270 808 4317 const.
828 4261 941 4331 dogml
951 4298 1135 4317 .....
1189 4262 1223 4313 24
1286 4306 1290 4317 .

216 4389 229 4417 „
357 4390 369 4417 „
421 4366 539 4405 canones
558 4350 592 4405 de
611 4381 643 4389 —
664 4379 698 4390 -
715 4351 843 4421 mysterio
862 4386 1134 4406 .......
1188 4349 1222 4401 30
