2872 4874
137 323 200 384 232
641 336 799 385 sonumrn

136 477 258 560 spiritu,
281 480 314 542 et
336 495 356 539 a
378 476 539 557 primaevo
561 475 707 541 instituto
738 495 809 541 cum
831 496 948 558 magna
971 477 1154 560 disciplinae
1172 481 1274 561 jactura¹
1325 501 1327 520 ⁴

137 564 331 631 desciscitur.
376 563 461 629 Hinc
489 563 564 628 licet
589 563 632 628 ad
653 565 843 645 gravissima
872 567 1064 630 removenda
1087 565 1184 646 mala,
1211 586 1274 650 quse

136 671 176 717 er
203 651 385 733 huJusmodi
415 651 588 716 communis
618 651 702 716 vitae
730 652 854 718 defectu
883 660 1090 734 promanant,
1125 653 1275 720 Concilium

135 740 361 818 Tridentium,
375 743 398 815 l)
438 737 585 804 Clemens
619 739 756 822 v111.,2)
794 740 944 806 Urbanus
974 741 1110 824 VIII.‚³)
1148 741 1275 808 Innocen-

134 828 199 893 tius
221 828 322 909 XI.,⁴)
343 827 545 893 Innocentius
568 827 681 910 XH.,⁵)
704 828 822 910 aliique
846 827 1016 894 Pontifices
1037 829 1275 912 praedecessores

134 915 245 981 Nostri
266 915 354 980 illam
376 932 434 996 pro
456 915 577 980 viribus
598 916 771 980 instaurari
801 916 989 996 curaverint
1013 917 1212 983 nihilominus
1231 934 1277 982 non

135 1004 251 1085 ubique
280 1021 350 1068 earm
384 1003 506 1067 servari
532 1003 565 1066 in
599 1009 760 1084 comperto
784 1008 841 1069 est.
896 1003 961 1069 Nos
995 1005 1105 1087 itaque
1137 1006 1199 1070 rati
1218 1004 1277 1070 nihil

134 1092 237 1173 magis
259 1090 401 1156 conferre
424 1089 465 1155 ad
480 1089 687 1172 Regulerium
708 1090 964 1157 reformationem
979 1110 1092 1174 reapse
1115 1111 1277 1174 promoven·

136 1179 218 1258 darn,
248 1196 344 1260 quam
366 1183 403 1242 ut
428 1179 462 1242 in
484 1178 544 1244 hoc
576 1177 787 1244 Sacrosancto
811 1181 1021 1245 oecumenico
1053 1179 1193 1246 Concilio
1213 1182 1278 1245 vitae

134 1266 297 1348 perfectae
321 1267 496 1331 communis
518 1266 671 1348 obligatio
694 1267 888 1348 gravissimis
903 1269 1008 1333 verbis
1032 1268 1234 1334 denuncietur
1250 1286 1277 1332 ae

135 1354 268 1419 solemni
297 1354 461 1419 sanctione
489 1355 663 1433 muniatur,
694 1373 785 1419 sacro
813 1356 1011 1436 approbante
1034 1353 1186 1434 Concilio,
1217 1373 1278 1436 quae

135 1446 312 1523 sequnntur
335 1441 475 1506 districte
498 1443 677 1520 statuimus,
703 1443 910 1522 decernimus,
935 1448 1031 1525 atque
1054 1444 1243 1509 mandamus.

628 1649 765 1716 CAPUT
787 1651 811 1714 I.

241 1790 337 1855 Nulla
365 1791 397 1855 in
427 1797 592 1874 posterum
626 1809 708 1856 nova
737 1793 848 1857 domus
878 1792 1027 1871 religiosa
1060 1792 1216 1874 erigatur,
1243 1791 1280 1856 vel

135 1879 231 1944 etiam
256 1880 295 1944 de
319 1881 392 1960 jure
426 1878 476 1942 vel
504 1879 542 1942 de
563 1877 650 1943 iacto
673 1885 800 1944 tantum
827 1898 998 1960 suppressa
1020 1881 1212 1945 restituatur
1230 1881 1280 1944 sino

136 1985 286 2049 expressa
309 1967 486 2032 conditione
510 1985 549 2032 ac
570 1966 641 2047 lege
662 1967 696 2030 in
718 1969 907 2049 perpetuum
923 1969 1098 2032 servandae
1120 1969 1206 2032 vitae
1227 1985 1281 2048 per·

134 2054 237 2121 fectae
273 2055 462 2132 communis,
497 2071 587 2118 secus
622 2056 754 2135 erectio,
786 2055 839 2119 vel
870 2055 1031 2120 restitutio
1058 2055 1151 2120 irrita
1176 2055 1280 2121 omnino

133 2143 300 2209 habeatur.

88 2285 91 2288 .
241 2231 437 2312 Quicumque
464 2229 667 2294 infuturum
698 2231 925 2311 professionem
956 2230 1097 2310 emittet,
1130 2233 1278 2311 praecepto

134 2320 283 2383 servandi
305 2319 402 2382 vitam
425 2317 598 2399 perfectam
620 2336 816 2383 communem
839 2324 1003 2395 teneatur,
1037 2316 1174 2399 ideoque
1197 2314 1282 2396 airu

135 2406 263 2471 admitti
296 2406 338 2470 ad
375 2403 588 2486 profitendum
622 2406 655 2468 in
692 2405 833 2486 quolibet
865 2406 999 2484 Ordine,
1038 2403 1286 2487 Congregatioue,

134 2493 290 2559 societate
313 2499 346 2557 et
361 2493 510 2556 Instituta
533 2492 670 2572 regulari
685 2493 904 2574 postulaverit,
922 2494 1108 2575 priusquam
1131 2498 1203 2557 tum
1218 2489 1289 2556 doni

133 2581 315 2662 recipiatur,
347 2586 416 2644 tum
438 2579 550 2644 babitu
571 2579 719 2661 religioso
742 2581 911 2658 induatur,
943 2582 1061 2646 dictum
1094 2585 1290 2662 praeceptum

135 2687 283 2749 expresse
306 2668 527 2746 denuncietur,
561 2668 606 2731 ita
630 2676 667 2731 ut
700 2669 726 2733 si
749 2669 822 2734 huic
851 2688 885 2733 se
911 2668 1066 2751 subjicere
1094 2666 1283 2734 recusaverit

134 2755 336 2820 nullomodo
360 2756 393 2819 in
415 2755 610 2837 Religionem
634 2756 832 2823 admittatur.
868 2757 1008 2834 Quilibet
1029 2761 1138 2821 autem
1163 2755 1291 2822 novitios

133 2844 166 2907 in
189 2847 263 2909 actu
284 2842 486 2924 professionis
509 2849 576 2907 tam
609 2849 754 2909 votorum
782 2845 968 2927 simplicium
992 2843 1187 2909 solemnibus
1210 2858 1291 2925 prae·

134 2931 369 3010 mittendorum,
383 2950 479 3012 quam
495 2932 677 2996 eorumdem
689 2938 836 2998 votorum
852 2933 1048 3010 solemnium,
1064 2932 1292 2996 observantiam

134 3018 292 3100 perfectae
315 3021 399 3083 vitae
430 3019 604 3084 communis
618 3019 832 3100 polliceatur:
867 3025 1099 3102 proptereaque
1128 3020 1162 3082 in
1186 3018 1293 3083 admis-

135 3107 230 3172 sionis
254 3126 291 3172 ac
325 3107 529 3187 professionis
562 3107 642 3171 actis
671 3109 840 3188 peculiaris
865 3108 903 3172 de
933 3108 1169 3190 praedictorum
1194 3106 1293 3171 obser·

133 3194 243 3258 vontia
259 3194 421 3260 adnotatio
443 3195 512 3259 fieri
528 3194 661 3259 debeat:
686 3214 781 3276 super
804 3197 918 3278 quibus
934 3196 1077 3260 omnibus
1100 3195 1295 3275 superiorum

135 3280 176 3345 ad
198 3300 277 3362 quos
301 3287 424 3363 spectat
449 3283 643 3347 conscientia
666 3285 807 3364 graviter
839 3289 974 3348 onerata
996 3289 1179 3357 remaneat;
1214 3279 1295 3346 acsi

135 3388 173 3434 ea
195 3371 396 3450 exequutioni
418 3371 514 3435 iidem
537 3370 725 3434 demandare
749 3371 908 3450 omittant,
940 3389 976 3434 eo
999 3371 1069 3451 ipso
1096 3387 1173 3433 voce
1198 3370 1296 3434 activa

135 3463 168 3522 et
190 3459 319 3539 passiva
340 3459 458 3539 privati
481 3459 629 3522 existant.

87 3570 90 3574 ·
240 3546 376 3627 Insuper
405 3545 488 3609 infre
511 3564 628 3609 annum
660 3548 699 3610 ab
723 3546 869 3611 absoluto
900 3543 1040 3610 Concilio
1071 3542 1213 3626 perfecta
1236 3545 1296 3607 vita

136 3635 309 3698 communis
326 3635 450 3699 omnino
466 3634 679 3698 const'tuatur
701 3634 733 3697 in
750 3633 894 3698 domibus
910 3633 1091 3712 novitiatus,
1106 3630 1294 3712 professorii,

134 3738 172 3785 oc
194 3721 382 3802 studiorum,
403 3727 563 3801 quatenus
586 3721 681 3786 ineis
703 3721 884 3785 introducta
906 3720 1010 3786 adhuc
1026 3737 1090 3784 non
1112 3719 1295 3800 reperiatur,

134 3808 185 3872 vel
206 3811 303 3874 etiam
325 3809 506 3873 introducta
525 3826 588 3873 non
611 3813 767 3872 servetur:
791 3808 926 3889 idipsum
950 3808 981 3871 in
1012 3805 1154 3872 domibus
1178 3803 1297 3883 fiatiu

135 3896 247 3977 qmbus
271 3896 457 3977 Superiores
480 3895 653 3960 Generales
683 3894 732 3960 vel
763 3895 977 3961 Provinciales
1008 3895 1160 3961 resident.
1208 3891 1296 3972 Quod

134 3984 162 4047 si
183 3983 395 4050 Provinciales
419 3984 547 4048 domum
569 3984 716 4064 propriae
745 3984 937 4048 residentiae
961 4001 1024 4046 non
1052 3981 1203 4060 habeant,
1228 3996 1297 4045 eam

244 4210 264 4278 ¹)
284 4208 359 4265 Sess.
377 4215 420 4265 25.
439 4210 473 4265 de
492 4210 609 4278 regular.
628 4226 689 4278 cap.
710 4212 734 4264 1.
808 4211 829 4279 ²)
850 4211 968 4264 Constit.
987 4207 1267 4290 „Nollrcs·omae'oo.·‘

242 4284 253 4386 ἒ
282 4279 395 4405 list·
413 4281 708 4419 ῗὲιιῗὲἒέῑιὲἕέἓὲἓιιῗὲ
727 4281 806 4348 nn.
882 4281 903 4347 ⁴³
924 4279 990 4334 aa
1007 4295 1064 4332 ''⁰'‘
1083 4279 1163 4335 “ll
