2872 4874
640 351 811 401 1³08ssOEde

519 525 571 608 19.
610 523 916 609 Postumium

133 685 190 752 UT
213 682 414 752 sociabus
442 681 593 748 SANOTI
615 681 832 749 VINOENTII
858 683 918 748 DE
946 684 1088 750 PAULA
1114 683 1143 749 A
1166 682 1280 752 SAGRO
1326 713 1333 777 j

156 787 353 856 OONOILIO
375 786 589 854 VATIGANO
611 788 841 855 LAUDETUR
863 788 920 854 ΕΤ
939 786 1267 881 (ΞΟΜΜΕΝῙΗῙἹἮΗΙ
1327 821 1333 872 ¹.

239 929 327 994 Inter
350 943 452 1009 opera
475 928 603 1009 pietatis
630 934 664 994 et
689 929 855 994 charitatis
889 929 1096 1010 christianae,
1120 948 1200 1012 quae
1219 948 1278 996 aevo

134 1017 298 1099 praesenti
320 1013 449 1095 florent,
483 1017 689 1097 praecipuum
717 1016 821 1082 locum
849 1016 973 1082 obtinet
994 1020 1049 1100 pia
1071 1017 1128 1083 illa
1150 1015 1279 1097 Societas,

77 1136 81 1142 ·
133 1122 217 1186 quae
240 1103 300 1169 sub
323 1103 448 1167 nomine
471 1101 745 1169 Conferentiarum
776 1104 807 1168 S.
832 1105 990 1170 Vincentii
1012 1106 1148 1187 primum
1170 1105 1280 1171 Parisiis

133 1199 244 1259 exorta
278 1210 316 1256 ac
343 1190 417 1255 dein
448 1189 612 1257 celerrime
642 1210 699 1273 per
731 1197 834 1257 totum
862 1191 929 1257 fere
962 1192 1073 1258 orbem
1104 1191 1283 1260 Catholicun

133 1283 310 1362 propagata
332 1278 418 1343 viros
438 1277 635 1360 juvenesque
658 1278 768 1344 fideles
791 1280 874 1344 inter
897 1297 932 1345 se
954 1280 1118 1363 conjungit
1139 1281 1183 1345 ad
1202 1298 1284 1363 opera

134 1366 302 1432 charitatis
325 1371 358 1430 et
381 1367 616 1431 misericordiae
638 1373 705 1431 tam
725 1366 896 1448 corporalis
919 1385 1014 1448 quam
1037 1367 1213 1451 spiritualis
1233 1384 1286 1434 om·
1330 1422 1333 1467 Ι

134 1455 250 1537 nigena
272 1453 393 1517 viribus
416 1455 514 1519 unitis
530 1455 714 1536 peragenda
735 1455 777 1520 ad
792 1453 969 1537 exemplum
992 1462 1026 1520 et
1041 1455 1101 1520 sub
1124 1455 1282 1537 patrocinio
1330 1484 1333 1493 ·

133 1541 169 1607 S.
192 1541 349 1607 Vincentii
381 1541 421 1606 de
443 1541 553 1623 Paula,
588 1544 696 1623 magni
725 1543 811 1608 illius
843 1542 987 1623 Apostoli
1021 1542 1188 1609 charitatis
1220 1542 1284 1609 chri

133 1631 266 1708 suanae,
290 1646 354 1710 qua
373 1630 481 1694 vivens
508 1630 678 1711 aliquando
701 1631 882 1694 universam
903 1632 1039 1711 patriam
1056 1648 1149 1696 suam
1165 1630 1285 1696 Galliam

133 1717 306 1781 illustravit
328 1724 361 1782 et
384 1717 487 1782 adhuc
509 1723 673 1801 superstes
702 1718 762 1798 piis
785 1719 932 1798 operibus
955 1736 976 1783 a
998 1737 1033 1783 se
1056 1719 1213 1784 institutis
1233 1718 1292 1782 ubi»

133 1823 195 1886 que
217 1812 374 1869 terrarum
398 1803 575 1872 Ecclesiam
598 1805 752 1870 aedificat.
797 1805 888 1870 Haec
911 1807 1055 1886 societas,
1084 1825 1168 1887 quae
1189 1806 1288 1889 spiritu

134 1911 209 1959 vere
232 1892 387 1958 catholieo
419 1894 560 1958 animata
588 1895 621 1958 iu
651 1893 800 1974 operibus
832 1895 970 1958 externis
1000 1894 1195 1975 peragendis
1227 1899 1290 1959 ante

134 1981 239 2046 omnia
261 1982 437 2045 animamm
467 1980 605 2045 salutem
633 1981 879 2062 promovendam
912 1981 973 2046 sibi
999 1998 1130 2062 scopum
1153 1981 1290 2064 proponit

134 2069 312 2150 operationi
343 2086 420 2132 suae
446 2069 638 2149 provinciam
665 2067 804 2149 amplam
834 2067 1033 2149 fertilemque
1063 2069 1173 2150 elegit,
1207 2086 1286 2151 quum

134 2157 212 2221 socii
234 2156 296 2238 ipsi
329 2173 487 2237 pauperes
515 2160 610 2236 atque
635 2154 777 2221 infirmos
805 2157 937 2221 visitant
966 2162 1062 2236 atque
1085 2156 1283 2232 consolantur,

135 2261 244 2309 eorum
267 2243 451 2325 indigentiis
474 2245 579 2324 quoad
602 2262 717 2324 corpus
740 2249 773 2309 et
794 2245 931 2308 animam
948 2244 1116 2326 providere
1140 2247 1288 2327 satagmt

135 2331 293 2414 orphanos
316 2339 349 2395 et
381 2348 472 2394 senes
502 2331 536 2394 iu
563 2332 807 2397 conservatoriis
837 2337 933 2413 atque
960 2330 1104 2412 hospitiis
1136 2332 1296 2408 collocant

133 2437 248 2501 pueros
273 2418 440 2482 derelictos
468 2418 585 2482 erudiri
617 2424 743 2496 curant,
771 2418 949 2499 junioribus
972 2416 1138 2498 opificibus
1166 2438 1226 2486 suo
1246 2437 1294 2501 pa·

133 2508 267 2573 trocinio
291 2510 402 2569 contra
433 2503 507 2570 fidei
538 2514 570 2571 et
592 2525 716 2570 morum
740 2506 880 2586 pericula
908 2506 1101 2587 praesidium
1125 2511 1301 2588 praestant,

133 2595 233 2658 bonos
254 2593 352 2657 libros
375 2610 433 2673 per
455 2592 592 2657 familias
623 2594 827 2673 distribuunt,
861 2595 1063 2659 matrimonia
1084 2612 1175 2659 mere
1200 2594 1303 2661 civilia

134 2688 171 2745 ut
193 2680 410 2745 revalidentur
433 2698 540 2744 curam
564 2685 679 2763 gerunt
695 2680 827 2762 aliisque
850 2683 1021 2746 innumeris
1043 2679 1111 2747 fere
1133 2682 1240 2773 modis
1260 2680 1297 2746 ad

133 2786 309 2849 pauperum
332 2769 492 2832 miseriam
515 2769 740 2834 sublevandam
764 2776 797 2832 et
817 2769 995 2833 animarum
1018 2769 1153 2834 salutem
1176 2787 1303 2852 promo·-

134 2856 269 2920 vendam
294 2855 481 2921 mirabiliter
505 2865 679 2939 operantur
702 2874 847 2921 necnon
862 2857 1049 2937 semetipsos
1064 2876 1122 2938 per
1137 2858 1193 2938 pia
1216 2875 1304 2922 exer·-

133 2944 210 3009 eitia
232 2948 265 3007 et
286 2941 372 3007 hona
393 2945 536 3025 exenrpla
558 2946 693 3009 maxime
716 2944 847 3008 invicem
867 2944 988 3025 juvant.

240 3030 307 3095 Ista
330 3031 473 3111 societas,
497 3051 578 3112 quae
599 3034 715 3096 bonum
738 3031 865 3096 odorem
882 3029 1001 3096 Christi
1023 3049 1082 3112 per
1102 3032 1207 3097 socios
1229 3046 1305 3097 suos

135 3135 306 3199 eorumque
330 3136 427 3199 opera
448 3121 564 3200 ubique
595 3117 742 3184 diffundit
765 3127 798 3184 et
820 3121 887 3183 sine
917 3119 1012 3183 dubio
1037 3120 1123 3183 inter
1147 3117 1300 3184 efficacis-

134 3204 216 3270 sima
237 3206 377 3270 remedia
399 3214 494 3288 atque
517 3208 677 3290 praesidia
698 3206 899 3271 adnumerari
922 3212 1063 3270 meretur
1084 3206 1127 3270 ad
1150 3207 1302 3272 tuendam

135 3293 321 3358 societatem
343 3293 512 3359 humanam
537 3303 647 3360 contra
669 3296 810 3374 ingentia
833 3293 917 3358 mala
940 3312 978 3358 ac
1000 3292 1155 3374 pericula,
1187 3295 1300 3376 quihus

135 3380 286 3447 moderno
309 3387 453 3462 tempore
477 3401 515 3446 ex
537 3390 629 3464 parte
652 3381 820 3448 socialismi
841 3382 983 3461 perversi
1006 3381 1145 3462 undique
1169 3384 1306 3449 choum--

136 3468 239 3548 datur,
259 3468 446 3549 Jamdudum
468 3469 699 3551 Episcoporum
721 3489 779 3536 nec
801 3487 864 3533 non
883 3468 1002 3534 Summi
1017 3468 1180 3534 Pontificio
1205 3468 1299 3534 Saue·

135 3557 250 3625 tissimi
272 3555 378 3620 Patris
402 3556 450 3621 Pii
472 3555 533 3621 ΡΡ.
556 3557 609 3624 ΙΧ.
644 3556 776 3622 feliciter
798 3559 971 3638 regnantis
1004 3576 1023 3621 a
1046 3575 1109 3637 quo
1131 3556 1232 3637 largis
1256 3559 1300 3621 iu·

135 3643 368 3726 dulgentiarum
385 3645 558 3727 privilegiis
574 3645 676 3709 ditata
690 3653 749 3723 est,
772 3644 963 3725 peculiarem
980 3644 1299 3709 animadvertentium

135 3736 232 3812 atque
254 3731 411 3812 insignem
434 3733 685 3798 benevolentiam
708 3733 768 3797 sibi
790 3731 982 3796 vindicavit
1006 3731 1210 3812 Quapropter
1232 3749 1304 3796 om·

135 3823 221 3884 tores
244 3817 439 3901 infrascripti
463 3840 636 3902 congruum
660 3839 730 3885 esse
754 3824 884 3885 censent
907 3820 1060 3898 enixeque
1082 3819 1257 3900 postulant,

241 3911 277 3970 ut
309 3906 441 3971 Sacrum
473 3907 645 3973 Concilium
675 3908 867 3973 Vaticanum
897 3906 1058 3971 laudatam
1090 3907 1175 3987 piam
1204 3907 1296 3972 socie·

135 3998 234 4058 tatem
257 3993 287 4058 S.
312 3995 471 4060 Vincentii
493 3996 615 4078 publice
644 3996 779 4060 laudare
799 4000 895 4075 atque
912 3991 1055 4058 fidelibus
1080 3993 1302 4058 commendare

136 4081 294 4164 dignetur.

241 4168 362 4234 Romae
386 4169 456 4236 XII.
481 4169 591 4234 Martii
618 4175 711 4235 1870.

224 4274 312 4337 Huic
327 4275 547 4355 postulationi
569 4275 825 4353 subscripserant
857 4277 899 4335 30
925 4271 1060 4338 Caecilii
1082 4273 1211 4339 Patres.
