2872 4874
583 368 621 414 ua
644 368 825 415 nrscrrrsm.
1231 353 1291 412 163

154 544 189 609 lle
203 543 395 645 adducendis
416 543 464 608 cel
484 543 671 607 reducendis
692 543 735 606 ad
754 543 850 621 fidem
869 548 897 605 et
925 542 1078 606 natitatem
1105 541 1294 607 catholicam

374 647 566 728 infidelibus,
590 648 801 712 schismaticis
824 653 854 711 et
879 648 1055 712 haereticis.

235 788 316 852 Dum
341 787 555 853 celebrabitur
577 786 636 850 hoc
659 787 806 866 generale
823 787 1009 851 Vaticanum
1032 784 1215 867 Concilium,
1240 805 1293 852 ex·

154 881 204 939 tant
223 877 254 940 in
276 875 353 940 orbe
377 881 536 940 terrarum
556 879 805 954 1,200,000,000
830 876 955 939 circiter
976 874 1144 943 hominurn.
1169 893 1208 940 ex
1223 876 1292 956 qui-

98 1037 102 1045 ,
141 963 195 1029 -bus
206 963 274 1046 plus
290 982 385 1046 quam
402 967 618 1039 800.000,000
642 962 745 1027 adhuc
762 964 793 1025 in
810 964 949 1026 tenebris
965 960 1160 1028 infidelitatis
1178 964 1292 1028 misere

153 1053 244 1132 jacent,
269 1056 464 1131 70,000,000
488 1052 528 1114 ab
545 1050 706 1114 Ecclesiae
728 1052 800 1113 sinu
823 1051 992 1115 schismate
1008 1069 1122 1130 graeco
1144 1067 1292 1132 separan-

98 1140 103 1163 ·’
155 1144 207 1220 tur;
243 1144 440 1218 90,000,000
474 1139 506 1202 in
542 1138 636 1202 variis
677 1138 922 1218 protestantium
962 1140 1057 1203 sectis
1091 1139 1291 1216 dividuntur;

98 1247 101 1309 g
156 1230 348 1307 200,000,000
372 1232 444 1290 sunt
462 1226 615 1302 catholici,
639 1226 713 1290 boni
736 1226 786 1290 vel
810 1225 892 1303 mali,
917 1244 996 1307 quos
1012 1228 1096 1292 inter
1111 1228 1138 1290 si
1154 1232 1292 1308 quantus

98 1330 101 1391 ζ
156 1314 183 1378 sit
197 1314 427 1380 incredulorum
451 1319 484 1378 ct
506 1311 752 1378 indifferentium
775 1332 923 1377 numerus
946 1321 1134 1395 quaeratur,
1163 1333 1293 1397 respon-

98 1398 101 1405 '
157 1401 282 1467 lendum:
306 1401 430 1466 facilius
454 1421 523 1466 esse
547 1420 599 1465 eos
623 1402 740 1482 plangi,
765 1420 859 1482 quarn
883 1404 1057 1466 numerari!

233 1507 348 1572 Intuli
380 1525 475 1588 porro
506 1507 636 1570 humani
659 1507 783 1588 generis
816 1513 915 1587 statu,
948 1526 1041 1572 nemo
1073 1512 1122 1572 est
1153 1508 1292 1588 quinon

156 1593 235 1660 videat
256 1614 355 1658 unum
379 1615 396 1660 e
420 1595 544 1676 primis,
570 1595 764 1676 praecipuis.
788 1596 1068 1676 intentissimisque
1099 1596 1291 1660 sacrosanct'

156 1679 220 1747 istius
241 1681 374 1748 Concilii
397 1683 511 1746 studiis
534 1701 604 1747 esse
627 1684 757 1746 debere:

234 1797 265 1853 1⁰
288 1788 334 1853 Ut
362 1789 575 1868 inquirantur,
608 1789 811 1851 inveniantur
839 1793 870 1851 et
898 1788 1098 1868 applicentur
1126 1789 1291 1870 aptissima

161 1889 272 1956 quaeque
296 1876 417 1954 media,
449 1876 577 1957 quibus,
614 1876 673 1938 Dei
698 1876 830 1955 juvante
853 1876 970 1956 gratia,
1005 1883 1095 1940 tanta
1124 1876 1291 1940 multitudo

160 1955 297 2040 hminum,
322 1965 550 2044 pretiosissimo
570 1962 689 2028 Christi
713 1965 866 2043 sanguine
889 1963 1133 2044 redemptorum,
1159 1964 1199 2028 ab
1223 1962 1292 2029 infi-

163 2044 268 2116 delitatis
292 2059 326 2114 et
362 2053 477 2115 erroris
511 2052 630 2115 umbris
665 2051 705 2115 ad
736 2070 850 2132 purum
873 2052 1017 2115 veritatis
1048 2052 1153 2116 lunien
1177 2051 1291 2116 adduci

158 2141 261 2219 hmine

232 2232 265 2290 2⁰
288 2225 334 2291 Ut
357 2228 530 2307 prudenter
553 2227 711 2291 devitetur
734 2228 901 2306 quidquid,
931 2230 1050 2308 absque
1073 2245 1214 2292 summae
1237 2247 1291 2290 ne·

150 2315 284 2379 castatis
309 2315 477 2393 evidentia,
503 2334 585 2379 nova
608 2316 772 2391 obstacula
795 2324 861 2378 tam
885 2324 995 2380 sancto
1017 2316 1090 2380 huic
1114 2315 1201 2396 operi
1217 2333 1290 2379 con·

148 2403 279 2467 unionis
296 2409 330 2466 et
347 2402 539 2466 reductionis
556 2401 729 2467 infidelium
746 2414 778 2467 et
794 2404 1042 2468 acatholicorum
1058 2405 1288 2483 interponeret3

232 2512 263 2572 3⁰
286 2507 340 2584 Ut,
365 2508 462 2572 salvis
486 2514 518 2572 et
542 2509 571 2572 in
596 2509 720 2584 integro
745 2509 946 2573 manentibus
963 2510 1061 2574 sacris
1078 2509 1287 2589 dogmatibus,

139 2600 246 2658 morum
270 2595 441 2676 principiis,
466 2602 499 2659 et
521 2595 683 2659 essentiali
705 2602 774 2659 tum
798 2596 972 2661 christiana
988 2603 1055 2660 tum
1072 2596 1208 2661 clericali
1225 2596 1289 2661 dis-

134 2675 254 2761 aprina,
291 2684 427 2763 benigne
455 2690 487 2746 et
517 2684 717 2762 indulgenter
747 2686 939 2748 concedatur
967 2685 1118 2766 quidquid
1142 2685 1182 2748 ad
1207 2684 1289 2749 chri-

133 2768 320 2834 stianicatem
344 2771 551 2847 venientibus,
575 2771 625 2834 vel
649 2772 688 2834 ad
712 2774 867 2836 unitatem
891 2772 1108 2850 redeuntibus
1134 2773 1291 2855 evangelii

132 2857 170 2917 et
191 2855 324 2922 Sanctae
355 2857 521 2923 Ecclesiae
552 2859 666 2922 ostium
701 2858 797 2924 latius
827 2858 1011 2940 faciliusque
1043 2861 1167 2940 aperire
1197 2879 1289 2941 posse

133 2946 341 3026 perspicietur.

467 3155 517 3221 De
540 3157 740 3221 conversione
763 3157 949 3236 ircfidetiom.

231 3294 408 3376 Nunquam,
434 3314 470 3360 ex
494 3313 554 3375 quo
577 3294 710 3359 lundata
733 3304 781 3359 est
797 3295 948 3372 Ecclesia,
974 3298 1024 3359 via
1048 3296 1140 3360 latior
1165 3302 1197 3361 et
1216 3296 1291 3362 faci-

137 3369 190 3441 lior
210 3385 388 3464 ostiumque
411 3385 552 3464 apertius
576 3385 771 3448 conversioni
794 3381 968 3448 infidelium
991 3390 1101 3466 patere
1123 3385 1191 3448 visa
1206 3392 1289 3465 sunt,
1391 3412 1395 3419 ⁴

138 3477 221 3541 quam
243 3471 340 3536 hacce
364 3477 469 3535 aetate
493 3477 610 3547 nostra,
637 3471 710 3533 dum
734 3489 797 3534 una
820 3471 913 3535 simul
940 3471 1062 3538 adhoc
1086 3481 1289 3552 concurrunt,

141 3563 194 3618 11011
214 3559 280 3622 sine
311 3576 426 3639 magno
456 3565 488 3622 et
519 3559 658 3622 evidenti
692 3559 815 3623 divinae
839 3559 1060 3625 Providentiae
1089 3560 1232 3639 consilio,
1258 3565 1290 3624 ct

142 3640 282 3724 stupenda
305 3646 477 3710 itinerandi
500 3646 662 3726 sapiditas,
687 3654 720 3709 et
737 3643 886 3711 continua
901 3648 1089 3728 populorum
1105 3649 1154 3711 vel
1170 3648 1290 3711 distan-

141 3723 320 3798 tiusimorum
344 3733 542 3812 commercia,
562 3752 619 3812 per
646 3752 725 3813 quae
742 3735 906 3799 christiani
922 3715 1099 3799 infidblibus
1114 3736 1291 3800 admiscen-

142 3812 199 3898 tur,
230 3828 262 3885 et
288 3821 406 3901 ubique
437 3840 507 3886 mox
540 3822 714 3885 stabilitum
744 3840 858 3886 novum
881 3824 1023 3903 gentium
1050 3824 1118 3903 jus,
1151 3822 1291 3886 libertati

141 3909 372 3974 hraedicationis
396 3910 528 3973 maxime
550 3908 668 3972 favens.

232 4013 317 4079 Luce
340 4015 438 4095 igitur
460 4013 534 4076 solis
558 4013 674 4077 clarius
698 4020 747 4078 cst
770 4013 933 4078 Ecclesiae
958 4034 1040 4077 nunc
1067 4032 1196 4094 operam
1220 4033 1290 4081 esse

140 4096 185 4174 ut,
205 4119 281 4166 novo
305 4107 339 4165 et
371 4101 594 4166 ardentissimo
624 4102 706 4179 zelo,
742 4100 814 4164 huic
846 4108 936 4166 tanto
966 4102 1191 4183 propagandae
1218 4102 1292 4168 fidei

140 4168 231 4252 labori
252 4197 285 4253 et
309 4188 472 4270 operarios
496 4188 645 4267 advocet,
679 4197 710 4252 et
733 4190 885 4270 operandi
913 4190 1018 4252 media
1047 4190 1196 4270 legesque
1226 4193 1290 4256 dis·

141 4275 228 4340 uvat
249 4294 286 4342 ac
309 4281 441 4341 statuat.
487 4275 537 4338 hd
560 4295 652 4356 quern
681 4275 773 4341 finem
806 4277 1037 4357 assequendum
1067 4277 1145 4341 haec
1175 4281 1291 4344 condu-

144 4365 207 4425 ssvre
225 4381 317 4445 posse
341 4362 540 4428 viderentur:

1136 4468 1185 4522 11*
1223 4447 1225 4451 ’
