2872 4874
475 983 638 1055 suerro
666 983 829 1054 Perna,

142 1112 700 1216 cossnlrunledus
733 1112 1157 1217 neandrlcln

592 1272 713 1314 EDl'l'AE

94 1365 146 1431 IN
173 1363 230 1428 SS.
255 1360 440 1427 CONClLlI
459 1356 663 1427 VATICANI
692 1360 962 1428 SESSIONIBUS
986 1364 1041 1430 Ill.
1066 1363 1121 1428 ET
1144 1365 1200 1430 IV.

132 1748 136 1761 ‚
331 1661 359 1740 1.
388 1657 683 1743 carsulano
711 1659 979 1742 udanleius

195 1799 312 1865 DE
346 1800 552 1865 mma
583 1801 1113 1882 oAanoffloA,

607 1921 706 1963 EDITA

238 2010 277 2063 IN
296 2009 340 2062 SS.
361 2009 521 2063 CONCILII
539 2009 716 2064 VATIOANI
736 2009 911 2064 snsslosss
931 2010 1079 2064 TERTIA.

435 2200 557 2294 PIUS
587 2200 869 2295 anscerus
996 2254 1000 2262 ·

323 2359 535 2415 SERVUS
554 2359 864 2415 SERVORUM
883 2360 991 2423 DEI,

147 2486 247 2534 SACRO
271 2485 467 2532 APPROBANTE
491 2485 631 2533 CONCILIO
655 2486 695 2531 AD
721 2486 894 2531 PERPETUAM
918 2487 969 2532 REI
993 2485 1165 2533 MEMORIAM.

182 2626 244 2689 Dei
266 2624 366 2690 Filius
389 2631 421 2689 et
444 2627 569 2706 generis
592 2625 723 2689 humani
747 2624 941 2706 Redemptor
957 2626 1107 2690 Dominus
1124 2625 1243 2690 Noster

70 2714 170 2778 Jesus
194 2711 356 2792 Christus,
393 2713 434 2777 ad
457 2715 584 2777 Patrem
609 2713 777 2798 coelestem
800 2713 980 2792 rediturus,
1010 2733 1080 2778 cum
1103 2712 1245 2778 Ecclesia

72 2803 183 2865 suain
199 2802 294 2865 terris
310 2800 476 2879 militante,
490 2800 634 2865 omnibus
647 2800 756 2865 diebus
772 2818 872 2882 usque
889 2801 930 2865 ad
942 2803 1245 2866 consummationem
1319 2860 1322 2866 .

73 2889 197 2954 saeculi
213 2887 356 2953 futurum
372 2907 406 2953 se
423 2907 492 2953 esse
507 2890 659 2970 promisit.
696 2888 801 2966 Quare
818 2888 952 2954 dilectae
968 2906 1102 2969 sponsae
1117 2893 1245 2971 praesto

75 2996 163 3056 esse,
188 2976 344 3041 adsistere
368 2978 510 3056 docenti,
540 2977 687 3057 operanti
709 2977 906 3054 benedicere,
935 2976 1130 3056 periclitanti
1153 2994 1245 3058 opem

74 3065 162 3130 ferre
186 3063 273 3130 nullo
296 3083 436 3146 unquam
456 3071 601 3145 tempore
624 3064 754 3129 destitit.
800 3064 887 3128 Haec
906 3083 981 3128 vero
1005 3063 1154 3129 salutaris
1177 3064 1247 3146 ejus

76 3153 296 3235 providentia,
331 3172 403 3219 cum
434 3171 471 3216 ex
494 3152 564 3216 aliis
587 3149 749 3216 beneficiis
777 3153 949 3217 innumeris
972 3154 1169 3218 continenter
1193 3171 1248 3234 ap

77 3242 199 3324 paruit,
221 3246 290 3304 tum
313 3240 351 3304 iis
374 3239 630 3305 manifestissime
653 3245 816 3320 comperta
839 3245 890 3304 cst
913 3239 1076 3318 fructibus,
1101 3242 1155 3321 qui
1178 3240 1248 3306 orbi

79 3329 253 3393 christiano
278 3347 295 3392 e
318 3327 465 3394 Conciliis
500 3328 707 3392 oecumenicis
738 3345 776 3391 ac
806 3327 991 3392 nominatim
1014 3346 1032 3391 e
1053 3327 1247 3406 Tridentino,

79 3417 197 3497 iniquis
213 3415 287 3480 licet
302 3417 499 3498 temporibus
515 3415 682 3496 celebrato,
708 3414 892 3496 amplissimi
908 3420 1130 3496 provenerunt.
1166 3415 1249 3480 Hinc

79 3507 164 3570 enim
189 3505 388 3569 sanctissima
410 3505 571 3586 religionis
588 3505 733 3584 dogmata
752 3504 892 3585 pressius
909 3501 1041 3568 definita
1054 3503 1247 3583 uberiusque

80 3592 243 3673 exposita,
279 3609 403 3656 errores
436 3593 578 3658 damnati
610 3597 704 3672 atque
737 3589 884 3670 cohibiti;
928 3591 1001 3656 hinc
1033 3590 1250 3654 ecclesiastica

79 3679 251 3760 disciplina
285 3681 437 3744 restituta
471 3679 653 3761 firmiusque
688 3681 828 3758 sancita,
875 3683 1055 3759 promotum
1088 3680 1122 3741 in
1156 3673 1248 3741 Olero

79 3768 237 3834 scientiae
261 3774 292 3831 et
316 3769 444 3848 pietatis
468 3769 622 3846 studium,
646 3771 761 3848 parata
783 3766 1037 3831 adolescentibus
1061 3766 1102 3829 ad
1125 3783 1250 3829 sacram

78 3855 232 3921 militiam
254 3855 427 3920 educandis
451 3856 593 3938 collegia,
617 3855 780 3920 christiani
803 3855 937 3935 denique
960 3854 1068 3936 populi
1090 3869 1195 3917 mores
1218 3857 1251 3916 et

79 3943 284 4010 accuratiore
306 3942 445 4008 fidelium
474 3945 649 4008 eruditione
681 3949 713 4007 et
743 3942 955 4023 frequentiore
981 3945 1251 4007 sacramentorum

79 4050 144 4098 usu
168 4032 350 4098 instaurati.
397 4031 479 4097 Hinc
494 4037 662 4112 praeterea
677 4031 794 4095 arctior
813 4030 1026 4095 membrorum
1050 4049 1120 4095 eum
1135 4026 1253 4093 visibili

79 4119 201 4202 Capite
225 4119 416 4199 communio,
447 4121 655 4200 universoque
678 4119 801 4198 corpori
825 4117 944 4183 Christi
966 4118 1096 4200 mystico
1126 4115 1253 4180 additus

78 4214 193 4293 vigor3
218 4206 292 4270 hinc
314 4208 477 4288 religiosae
500 4208 725 4288 multiplicatae
748 4204 893 4283 familiae,
920 4206 1044 4286 aliaque
1060 4205 1254 4270 christianae

78 4297 219 4384 pietatis
243 4295 404 4374 instituta
428 4294 501 4359 hinc
522 4295 575 4358 ille
598 4296 693 4360 etiam
709 4294 856 4359 assiduus
873 4301 905 4358 et
919 4311 1020 4374 usque
1035 4292 1077 4357 ad
1092 4290 1254 4374 sanguinis

1099 4396 1130 4451 l*
