2872 4874
593 303 632 348 nr
656 301 835 350 orscrenma.
1232 290 1290 349 ldl

133 441 215 523 ligne
236 442 368 508 student
389 461 428 507 ex
449 443 645 524 primigeniis
667 441 836 507 bibliorum
859 442 1074 519 idiomatibus,
1105 443 1294 523 praesertim

138 548 171 594 er
200 529 351 595 hebraica
389 530 511 612 lingua,
545 530 677 611 aliisque
710 531 826 612 linguis
857 531 1017 595 semiticis.
1064 530 1164 594 Valde
1194 531 1294 612 igitur

140 618 302 698 optandum
326 625 385 694 est,
408 619 471 682 imo
488 636 617 701 prorsus
633 620 856 698 necessarium,
880 626 916 682 ut
939 618 1023 700 apud
1047 617 1215 682 catholicos
1230 636 1295 682 non

96 776 98 781 ,
141 710 291 788 torpescat
311 706 426 771 harum
448 707 628 788 linguarum
656 707 804 772 studium.
851 706 1064 788 Quapropter,
1092 707 1125 769 in
1148 706 1293 770 omnibus

96 788 100 881 l
145 792 315 859 clericomm
338 795 524 874 seminariis,
547 793 705 858 tradenda
727 801 821 871 esset,
845 794 960 859 saltem
975 794 1177 875 peritioribus
1193 794 1294 858 alum·
1321 803 1325 810 '

96 932 98 969 3
146 882 193 960 nis,
214 881 385 947 hebraicae
407 881 535 964 linguae
558 879 717 946 sufficiens
740 884 862 960 notitia,
886 888 923 946 ut
944 880 1039 947 facile
1061 887 1205 962 possent,
1230 882 1293 962 pri-

147 970 214 1033 vatis
244 977 359 1052 postea
392 971 521 1046 studiis,
558 971 598 1033 ad
632 969 805 1050 pleniorem
840 970 934 1051 hujus
970 970 1097 1052 linguae
1130 970 1293 1034 scientiam

149 1074 284 1139 mumque
299 1059 475 1139 pervenire.
509 1057 614 1138 Turpe
630 1057 785 1138 siquidem
801 1057 884 1123 foret
899 1056 1078 1123 Ecclesiam
1097 1057 1291 1136 catholicam,

149 1163 215 1224 quae
235 1164 312 1210 vera
335 1153 385 1210 est
407 1164 569 1210 sacrorum
599 1145 752 1210 librorum
781 1152 888 1211 custos
919 1151 952 1209 et
982 1147 1156 1227 interpres,
1187 1145 1293 1210 studio

151 1231 307 1313 linguarum
331 1234 362 1297 in
392 1234 506 1314 quibus
527 1233 688 1315 primitive
714 1233 824 1313 scripti
846 1238 920 1298 sunt
941 1233 989 1298 illi
1020 1233 1106 1312 libri,
1142 1235 1294 1298 minorem

152 1320 234 1384 zelum
256 1338 293 1385 ac
315 1326 529 1402 protestantes
552 1324 584 1385 et
606 1320 785 1385 incredulos
808 1321 1001 1401 impendere.

237 1408 347 1486 Quoad
370 1408 510 1491 linguam
533 1427 691 1489 graecam,
723 1410 754 1472 in
785 1413 904 1490 quaet
933 1408 1041 1490 plures
1068 1426 1192 1490 quoque
1222 1408 1296 1474 libri

154 1497 216 1560 acri
241 1498 348 1578 scripti
376 1496 522 1576 luerunt,
558 1502 590 1560 et
619 1503 668 1561 ιοι
701 1503 872 1577 supersunt
906 1497 1086 1561 traditionis
1120 1497 1296 1562 catholicae

154 1584 245 1648 onmia
266 1590 479 1662 monumenta,
504 1585 574 1665 quis
598 1603 660 1649 non
684 1584 792 1648 doleat
813 1583 882 1663 ejus
898 1585 1037 1648 studium
1058 1585 1105 1649 ita
1120 1586 1153 1649 in
1168 1586 1296 1668 majori-

155 1668 198 1734 bus
218 1673 393 1736 seminariis
415 1674 642 1754 praetermitti,
675 1677 711 1735 ut
740 1672 834 1753 hujus
863 1672 991 1753 linguae
1021 1673 1136 1736 notitia
1165 1691 1295 1753 prorsus

156 1756 178 1819 in
197 1760 230 1823 iis
257 1762 336 1841 ipsis
365 1759 534 1840 ⁸iuvenibus
565 1760 768 1839 obliteretur,
804 1761 858 1842 qui
888 1762 916 1824 ei
946 1761 1158 1824 addiscendae
1187 1761 1295 1841 plures

157 1862 232 1944 ¹arr-nos
253 1850 286 1913 in
309 1848 482 1914 minoribus
511 1848 687 1912 seminariis
720 1849 963 1930 insumpserant.
1010 1846 1295 1913 Praescribendum

155 1938 231 2013 plur
252 1937 379 2000 omnino
403 1942 489 2001 esset
511 1943 547 1999 ut
575 1935 703 2017 linguae
733 1954 867 2015 graecae
898 1936 1038 2000 studium
1068 1936 1100 1999 in
1123 1936 1295 2015 majoribus

153 2020 229 2087 etiam
251 2024 428 2088 seminariis
452 2025 629 2088 continuari
651 2025 791 2089 deberet.

242 2242 294 2308 De
316 2243 538 2324 superioribus
561 2243 679 2308 stadiis
701 2243 924 2308 ecelesiasticis
946 2244 1181 2309 restaurandis

239 2376 516 2440 Evidentissimum
539 2381 587 2439 est
610 2375 768 2439 elementa
795 2376 958 2454 scientiae,
993 2377 1059 2440 sive
1086 2393 1205 2452 sacrae,
1229 2375 1295 2440 sive

150 2459 292 2542 polanae,
317 2464 453 2545 qualiter
468 2464 502 2527 in
524 2464 712 2542 seminariis
736 2470 805 2527 tum
828 2464 1010 2542 minoribus
1034 2469 1101 2527 tum
1124 2462 1294 2544 majoribus

149 2549 216 2614 tradi
232 2552 344 2632 solent,
368 2551 547 2616 necessaria
562 2552 690 2631 quidem
706 2569 786 2630 esse,
804 2557 836 2616 et
851 2554 940 2632 quasi
956 2553 1115 2618 ulterioris
1132 2552 1296 2616 doctrinae

147 2630 344 2718 fundamenta,
367 2657 567 2720 nequaquam
590 2645 695 2704 tamen
721 2637 878 2719 sufficere,
904 2659 962 2704 nec
985 2641 1027 2704 ad
1056 2641 1293 2723 expositionem,

145 2739 191 2789 nac
212 2728 252 2791 ad
275 2726 490 2792 defensionem
514 2728 699 2808 dogmatum
722 2726 973 2806 christianorum,
997 2734 1093 2810 prout
1114 2728 1148 2792 id
1167 2735 1296 2792 nostrae

142 2816 245 2878 atatis
269 2815 477 2880 necessitates
500 2814 709 2896 postularent.
1313 2863 1314 2867 =

235 2902 336 2967 Valde
359 2903 457 2984 igitur
481 2903 655 2984 optandum
679 2909 764 2968 esset
787 2903 940 2982 quosdam
972 2920 1072 2984 nunc,
1108 2904 1190 2967 sicut
1213 2902 1295 2980 olim,

140 2984 166 3050 in
190 2992 343 3073 cujusque
374 2990 536 3056 Ecclesiae
561 2988 653 3056 Claro
682 2993 765 3056 viros
794 2991 944 3069 inveniri,
981 2989 1036 3070 qui
1066 2991 1233 3073 specialius
1265 2995 1297 3055 et

139 3074 254 3154 plenius
290 3079 506 3159 superioribus
541 3080 654 3143 studiis
689 3079 917 3144 incumberent.
977 3075 1058 3141 Cum
1096 3085 1202 3143 autem
1237 3077 1297 3143 hoc

137 3168 342 3230 communiter
365 3185 423 3231 nec
446 3166 547 3246 facile,
573 3185 630 3231 nee
653 3165 848 3231 sufficienter
870 3167 1027 3248 praestari
1049 3167 1150 3247 possit
1178 3168 1297 3248 absque

136 3252 263 3330 publicis
300 3254 489 3334 quibusdam
518 3255 790 3340 institutionibus,
828 3292 866 3302 —
902 3252 1011 3334 quales
1046 3260 1172 3333 extant,
1208 3254 1297 3319 verbi

134 3342 244 3420 gratia,
269 3343 303 3406 in
326 3341 412 3407 Urbe
435 3341 549 3421 Roma,
582 3343 666 3424 apud
688 3343 823 3424 Belgas,
857 3346 889 3408 et
912 3342 1001 3421 alibi,
1033 3377 1071 3388 -
1096 3342 1297 3408 utilissimum

135 3427 292 3495 videretur
307 3429 490 3511 Episcop0S‚
511 3431 752 3502 ,communicatis
776 3431 914 3496 consiliis
935 3436 968 3494 et
984 3431 1158 3507 conatibus,
1183 3449 1296 3496 curare

134 3520 163 3580 et
193 3517 375 3583 allaborare
407 3524 458 3595 ut,
492 3524 623 3600 praeter
654 3519 836 3597 seminaria,
872 3518 988 3598 ubique
1020 3519 1177 3583 servanda
1208 3519 1297 3583 etin

133 3604 293 3671 meliorem
316 3610 437 3670 statum
460 3605 657 3686 adducenda,
681 3607 924 3671 instituerentur
947 3607 1058 3686 etiam,
1090 3611 1186 3690 prout
1208 3605 1296 3686 leges

134 3708 296 3775 moresque
332 3695 484 3776 quusque
515 3696 620 3775 gentis
653 3695 810 3774 sinerent,
835 3695 885 3759 vel
915 3713 1032 3776 magna
1055 3694 1209 3776 Collegia,
1244 3693 1296 3758 vel

135 3775 372 3860 Universitates,
396 3782 558 3861 inquibus
575 3783 762 3846 eminentior
777 3782 910 3847 scientia
926 3783 986 3847 coli
1009 3782 1156 3863 tradique
1178 3788 1295 3862 posset.

488 3973 539 4038 De
562 3975 752 4039 academicis
774 3975 940 4058 preditus.

236 4113 363 4178 Gradus
385 4114 558 4178 academici
587 4120 671 4179 certe
694 4116 736 4179 ad
767 4117 979 4181 eminentioris
1009 4115 1161 4180 scientiae
1192 4116 1295 4181 zelum

134 4199 279 4266 inOlero
302 4200 472 4267 fovendum
494 4203 651 4283 aptissimi
674 4210 757 4268 sunt.
803 4206 848 4271 Ut
868 4223 945 4268 vero
973 4202 1046 4267 finis
1073 4202 1128 4267 ille
1158 4204 1295 4269 obtineri

133 4291 243 4370 possit,
269 4306 395 4354 necesse
417 4289 498 4355 foret
521 4291 639 4372 gradus
662 4291 822 4372 praefatos
837 4293 956 4357 nemini
974 4309 1123 4373 unquam,
1147 4292 1209 4357 nisi
1223 4298 1298 4378 post
