2872 4874
516 128 556 175 ur
580 126 757 176 usserman.
1166 117 1226 178 153

10 296 19 321 .-
76 267 237 333 uuonan
257 267 468 333 necessariam
490 284 570 344 esse,
594 266 748 350 valdeque
770 273 946 351 urgentem.
992 267 1161 350 Siquidem,
1187 271 1228 336 ob

10 367 19 408 ἱ
80 356 128 419 tan
147 353 341 437 multiplices
362 371 539 437 gravesque
568 373 676 420 rerum
699 361 732 420 ct
754 355 913 421 societatis
943 354 1102 421 humanae
1126 363 1227 423 muta-

10 452 30 527 ῗ
83 440 173 523 ionas,
195 442 285 526 leges
313 442 498 526 permultae.
529 443 684 524 quaedam
707 443 843 520 inutiles,
874 443 955 507 aliae
978 443 1148 509 observatu
1170 446 1227 509 irn-

10 538 28 579 '-·
83 529 229 610 pmsibiles
263 538 320 596 aut
356 527 567 610 difficillimae,
602 540 781 597 evaserunt.
834 531 881 595 De
910 533 1079 596 innumeris
1102 550 1227 614 quoque

84 619 239 685 monibus
263 618 435 700 ambigitur
463 624 570 683 utrum
593 619 745 684 hactenus
772 620 901 701 vigeant
923 637 1027 685 necue.
1083 619 1225 697 Demum,

10 713 19 756 ἰ
76 723 123 786 per
141 706 190 772 tot
213 706 412 773 saeculorum
437 708 605 772 decursum
642 710 686 772 ita
709 708 849 772 excrevit
870 707 974 787 legum
998 707 1226 773 ecclesiastica·

10 838 12 844 -
75 812 136 857 rum
155 812 322 873 numerus,
357 800 390 858 et
412 794 499 876 leges
528 794 601 859 illae
624 795 656 858 in
686 796 864 877 ingentibus
883 795 966 877 juris
990 795 1227 861 collectionibus

70 881 144 946 adeo
165 881 349 947 cumulatae
373 888 456 960 sunt,
481 887 517 946 ut
540 882 643 964 aliquo
666 901 762 947 sensu
785 883 890 948 dicere
913 902 1095 964 possemus:
1120 884 1226 949 obrui-

66 989 138 1032 mur
158 969 290 1053 legibus.
327 970 411 1035 Hinc
433 969 470 1034 lit
492 975 528 1034 ut
550 970 690 1035 studium
710 971 791 1052 juris
808 971 950 1037 carrouici
975 970 1105 1036 induitis
1128 991 1226 1054 prope

63 1064 107 1121 et
129 1057 396 1123 inextricabilibus
436 1057 675 1123 difficultatibus
709 1056 902 1139 implicetur3
939 1060 1160 1125 controversiis
1190 1079 1228 1125 ac

10 1172 12 1181 ·
62 1144 262 1224 processibus
283 1145 456 1210 latissimus
471 1146 559 1210 locus
582 1152 707 1228 pateat;
731 1153 763 1210 et
787 1147 999 1211 eonscientiae
1015 1147 1100 1214 mille
1122 1149 1230 1217 anxie-

64 1232 184 1298 tatibus
206 1241 375 1315 angantur,
399 1235 487 1299 etin
511 1239 723 1315 contemptum
746 1232 852 1313 legum
875 1233 1087 1316 impellantur,

170 1319 347 1387 Concilium
369 1321 466 1403 igitur
489 1321 530 1386 ad
554 1322 673 1403 grande
695 1321 754 1386 hoe
776 1329 809 1386 at
838 1324 1053 1388 necessarium
1076 1341 1156 1405 opus
1179 1342 1229 1389 re·

66 1404 261 1475 formationis
273 1409 355 1491 Juris
379 1409 521 1475 canonici
536 1409 702 1474 attendere
726 1411 851 1474 omnino
868 1409 1040 1490 optandum
1057 1418 1121 1492 est,
1146 1411 1231 1493 quod

72 1497 115 1557 ut
129 1496 345 1563 convenienter
367 1495 437 1562 fiat:
991 1562 999 1583 χ

163 1588 201 1647 ·l⁰
224 1580 399 1649 Concilium
421 1603 479 1666 per
494 1602 528 1649 se
550 1585 655 1667 ipsum
678 1585 863 1650 decerneret
878 1586 1064 1666 praecipuos
1081 1592 1115 1651 et
1131 1588 1230 1668 magis

10 1718 12 1725 .
82 1675 215 1748 umentes
237 1671 470 1737 reformationis
493 1672 651 1752 articulos,
685 1672 838 1753 simulque
861 1673 1017 1737 indicaret
1039 1692 1102 1755 qua
1124 1681 1231 1741 mente

87 1758 259 1838 etquenam
283 1759 424 1842 generali
447 1766 600 1841 conceptu
622 1759 803 1825 reformatio
815 1759 903 1840 iuris
926 1763 1032 1841 peragi
1056 1762 1181 1829 debeat.

172 1851 204 1911 2⁰
227 1846 454 1912 institueretur
470 1846 681 1930 Congregatio
696 1846 801 1929 aliqua
817 1848 960 1929 specialis
976 1848 1231 1915 doctissimorum

86 1923 284 2016 theologorum
308 1943 341 1998 et
357 1935 599 2013 carrouistarum,
624 1934 715 1998 simul
739 1944 772 2000 et
794 1936 933 2000 virorum
956 1937 1088 2001 maxime
1112 1939 1231 2017 practi-

88 2028 183 2108 tomm,
208 2028 241 2087 et
264 2040 303 2087 ex
325 2022 469 2088 omuibus
501 2029 736 2105 assumptorum
759 2024 948 2104 nationibus
972 2023 1025 2105 qui
1048 2024 1230 2090 universum

80 2115 125 2176 ils
144 2109 325 2175 canonicum
348 2111 561 2175 attentissima
584 2111 740 2176 recisione
763 2110 1014 2193 introspicerem,
1039 2121 1080 2192 et,
1104 2113 1230 2195 rejectis

81 2202 149 2265 luae
169 2198 349 2279 rejicienda,
373 2194 561 2264 modificatis
584 2217 665 2279 quae
686 2196 906 2279 modificanda,
930 2200 1046 2264 additis
1069 2218 1150 2281 quae
1174 2201 1231 2266 ad·
1338 2244 1343 2251 t

78 2271 385 2365 denuntiarentur,
409 2304 523 2351 uorum
548 2285 669 2368 Corpus
696 2287 779 2369 juris
802 2285 1000 2367 conficerent,
1024 2288 1108 2368 quod
1130 2291 1230 2352 statui

73 2374 225 2441 praesenti
247 2372 409 2439 Ecclesiae
433 2375 539 2454 aptius
571 2374 851 2453 accommodatum,
875 2376 1048 2456 titulisque,
1072 2376 1229 2459 capitibus

72 2455 106 2514 el
128 2460 260 2525 articulis
280 2461 373 2544 Juxta
396 2463 600 2526 materiarum
631 2461 771 2527 ordinem
795 2462 962 2544 digestum,
995 2463 1069 2527 huic
1092 2463 1230 2529 Concilio

70 2546 349 2636 ⁰9tumenioofvel
371 2548 465 2614 alteri
488 2550 629 2631 proxime
657 2549 865 2629 convocando,
890 2551 1131 2616 examinandum
1155 2569 1229 2616 san-

67 2634 270 2719 stannumque
294 2645 534 2719 proponeretur.
550 2642 572 2715 ¹)

70 2880 124 2956 De
148 2898 302 2978 mirararis,
329 2899 525 2980 praesertim
560 2900 746 2978 reservatae,
777 2899 821 2964 ed
846 2899 1033 2980 pretectorem
1061 2915 1228 2964 maranorum

548 3005 745 3069 reducendae.

170 3163 287 3228 Sedulo
310 3162 445 3227 examini
467 3162 685 3244 subjiciantur,
715 3169 747 3225 et
770 3163 892 3226 utinam
920 3181 977 3243 pro
1000 3180 1116 3243 magna
1138 3167 1229 3243 parte

68 3234 252 3326 {orarentur
268 3268 420 3316 censurae
443 3268 463 3314 a
481 3250 561 3332 jure,
581 3286 619 3297 -
637 3249 982 3327 excommunicationes,
999 3252 1229 3331 suspensiones,

65 3332 241 3418 lnterdicta,
274 3374 319 3385 -
349 3339 483 3403 maxime
518 3354 593 3401 vero
624 3355 705 3415 quae
734 3336 805 3416 ipso
825 3337 910 3415 facto
940 3339 1161 3414 incurrantur,
1197 3343 1230 3400 et

62 3419 147 3499 ssusa
180 3431 256 3490 sunt
289 3425 321 3489 S.
355 3422 501 3490 Pontifici
532 3429 713 3488 reseruatae
745 3424 845 3506 (salvo
867 3433 976 3489 tamen
1004 3425 1035 3490 S.
1067 3421 1229 3489 Pontifiois

54 3503 180 3579 iudicio
204 3520 237 3579 et
256 3513 352 3595 iure).
386 3512 508 3577 Harum
531 3513 647 3593 quippe
670 3529 819 3576 uumerus
842 3513 889 3577 ita
906 3514 1052 3593 excrevit,
1076 3511 1117 3576 ad
1137 3510 1229 3591 plura

55 3662 276 3698 N---m

173 3792 193 3858 ¹)
212 3790 324 3858 Aliquid
343 3790 432 3844 simile
450 3791 477 3845 in
497 3790 599 3845 Concil.
618 3790 694 3844 Trid.
713 3792 881 3858 postulatum
899 3791 1051 3858 reperitur:

172 3861 354 3930 ,Deligantur
372 3861 425 3915 hoc
448 3862 475 3913 in
495 3877 575 3916 sacro
602 3861 722 3915 Concilio
749 3862 798 3914 viri
817 3861 932 3914 scientia
960 3867 988 3912 et
1006 3858 1146 3927 probitate
1165 3873 1229 3912 cou-

52 3920 161 3999 ὃΙὶίοιιί,
180 3931 227 3998 qui
249 3931 464 3985 constitutiones
484 3948 576 3986 omnes
599 3931 761 3999 Canonicas,
785 3931 890 3998 peccati
915 3930 1040 3998 capitalis
1059 3937 1165 3982 reatum
1190 3928 1229 3981 in-

53 3980 197 4054 ‘lucentes
217 4000 358 4055 excutiant
377 4001 527 4070 diligenter
545 4009 572 4056 et
591 4008 744 4070 exponant,
772 4001 933 4067 videantque
952 4015 1024 4052 nrrmx
1040 3998 1075 4052 ab
1093 3997 1229 4066 ejusmodi

47 4062 147 4138 Natu
171 4085 313 4140 poenaque
336 4071 469 4138 quaedam
488 4088 582 4126 earum
602 4071 752 4139 eximenda,
771 4071 869 4138 quidve
887 4070 960 4123 circa.
979 4070 1046 4123 baec
1065 4068 1155 4123 omnia
1174 4074 1228 4122 sta·

49 4127 195 4194 tuendum
213 4141 301 4196 inerit
319 4148 346 4195 et
365 4142 566 4196 observandum
584 4148 680 4210 aperte
699 4141 865 4195 declarent.“
894 4139 1007 4207 (Postul.
1028 4138 1109 4206 Regis
1129 4139 1230 4206 Lusit.)
