2872 4874
136 318 201 380 206
641 327 813 377 mauuanm

138 448 282 537 sublatus
313 470 501 537 lumbatis
534 487 639 548 meae,
672 473 705 534 et
728 486 825 551 super
855 466 1087 535 Candelabrum
1117 469 1231 550 positus
1250 476 1275 535 ut

37 597 40 602 ,
136 577 208 624 msa
229 557 285 624 lux
306 575 412 625 coram
428 556 638 623 dilectissimis
660 556 694 620 in
717 555 845 623 Christo
860 553 932 621 liliis
954 557 1085 637 luceret,
1100 559 1175 622 anm
1188 559 1275 623 omnin

135 647 245 713 curavi
265 645 427 712 lucernam
443 643 616 711 accendere
638 644 671 707 in
686 641 819 710 (lumino
841 644 924 725 iguis
939 644 1092 722 ardentis,
1115 644 1149 709 iu
1162 643 1276 711 Lumine

136 751 221 814 vero,
244 733 277 799 in
299 734 433 800 Nomine
447 730 559 812 JESU,
582 737 616 796 et
637 729 721 796 lacta
743 737 794 797 est
815 733 919 814 prium
939 750 1001 798 vox
1016 731 1202 815 episcopalis
1220 750 1276 799 mer

136 824 215 904 ipsa,
238 839 320 903 quae
334 821 516 903 praedictae
531 819 720 885 Academiae
733 819 869 885 Tessera
890 818 1010 890 iuerat:
1037 818 1169 899 ,demat
1187 826 1276 904 parta

135 910 214 993 pria
237 908 359 975 Nomen
380 909 439 974 tabi
461 904 633 973 JESUS.“

242 997 389 1074 Accedit,
411 993 617 1061 venerabiles
640 992 768 1074 Patres,
799 994 883 1076 quod
907 1012 947 1060 ex
968 994 1071 1076 prima
1098 995 1149 1060 die
1170 995 1276 1060 institat-

136 1085 231 1150 tionis
246 1083 439 1149 Academiae
460 1087 590 1148 nostrae
606 1081 721 1147 ardens
736 1087 806 1146 orat
820 1081 853 1146 iu
876 1099 932 1147 cor
944 1086 1090 1147 nostrum
1104 1082 1275 1149 dediderim

135 1177 173 1238 ut
193 1173 227 1237 in
241 1171 341 1237 Missa
361 1170 557 1236 Sanctissimi
580 1169 724 1237 Nominis
742 1167 844 1234 JESU
867 1187 949 1235 nova
971 1174 1068 1252 atque
1090 1170 1275 1253 propria‘al

136 1259 315 1341 augendam
332 1257 471 1338 ejusdem
486 1256 690 1323 Admirabilis
704 1254 848 1322 Nominis
864 1257 997 1340 gloriam
1012 1257 1186 1325 adderetur
1199 1257 1275 1324 Prae·

136 1346 222 1412 tatio.
260 1347 303 1411 Et
325 1364 409 1426 ecce,
430 1345 508 1411 talia
530 1363 580 1410 me
598 1346 767 1426 cogitante,
786 1363 868 1410 nova
886 1343 1042 1410 Praelata
1058 1363 1097 1410 ex
1111 1344 1206 1411 eorde
1221 1362 1273 1410 ma

136 1433 278 1517 prosiliit,
301 1439 395 1499 etex
418 1433 511 1499 corde
527 1434 569 1498 ad
591 1449 627 1498 os
649 1431 775 1512 saliens,
798 1432 902 1498 laetus
925 1431 1133 1514 exultansque
1156 1433 1274 1499 mutati:

250 1522 329 1586 Vere
357 1521 493 1605 dipaam
515 1526 571 1586 etc.
605 1557 641 1566 -
673 1519 788 1586 Sancte
810 1518 920 1597 Pater,
949 1521 1149 1600 omnipotens
1170 1527 1275 1586 aeterne

137 1607 237 1674 Dens.
295 1609 357 1690 pat
392 1607 562 1692 Uaipeaito
595 1606 686 1671 Filio
718 1612 773 1672 tao
805 1606 842 1671 ia
875 1613 1058 1688 assumptae
1084 1607 1274 1673 hamanitatis

136 1697 270 1761 veritate
296 1696 389 1762 aubis
415 1702 500 1774 reato,
530 1694 793 1760 Sacratissimara
824 1692 942 1760 JESU
961 1695 1101 1773 Nomen,
1137 1696 1219 1777 quod
1241 1699 1274 1761 at

136 1804 235 1864 saper
258 1804 346 1850 arare
373 1804 501 1860 nemea,
532 1787 660 1849 achran
682 1781 817 1847 coasilio
844 1783 982 1847 donasti.
1026 1782 1105 1861 lpse
1136 1784 1218 1848 caim
1232 1782 1275 1865 pir

138 1869 260 1937 Graore
281 1876 369 1936 aetas
401 1874 544 1936 nostrum
572 1869 704 1936 detersit
720 1868 902 1949 piaculum,
938 1875 969 1936 et
992 1868 1105 1935 Orueis
1126 1870 1274 1952 supplicia

137 1965 237 2024 morte
260 1959 467 2040 triumphata,
485 1956 661 2022 hamanum
684 1973 785 2038 peaes
803 1957 947 2038 perfecta
959 1956 1104 2038 filioram
1128 1958 1276 2040 adoptiar

137 2051 333 2128 eperpetaa
362 2046 547 2127 captivitate
575 2045 731 2109 liberauit.
790 2045 993 2125 Quapropter
1024 2041 1278 2111 Nomentanae

135 2136 339 2200 sanctissimo
355 2132 541 2210 coelestiam,
564 2133 762 2197 terrestriam
784 2134 813 2197 et
834 2133 1035 2212 internorum
1049 2153 1142 2198 omae
1160 2133 1274 2212 flectite

137 2242 230 2305 perca,
253 2225 282 2287 et
304 2222 348 2286 aot
370 2220 533 2285 eceteram
563 2215 651 2284 triam
672 2239 780 2283 naara
810 2219 916 2284 Deera
937 2239 1104 2301 natamque
1138 2220 1272 2285 tomara

135 2327 233 2390 saper
255 2310 371 2386 arania,
402 2327 483 2390 qaae
498 2327 563 2388 per
589 2305 1016 2388 parapetasmata
1037 2326 1178 2388 repreare
1210 2305 1274 2375 atil

133 2397 332 2478 professione
361 2396 554 2476 confitemur.
611 2381 680 2460 set
694 2400 725 2458 et
758 2412 917 2475 saperaae
946 2392 1088 2459 Virtutes
1123 2400 1218 2479 atque
1236 2412 1278 2461 or

133 2483 256 2565 pelicea
278 2482 458 2547 Potestates
488 2481 524 2545 ia
547 2481 603 2546 hoc
631 2481 726 2546 arrico
748 2481 937 2548 salvationis
958 2481 1097 2547 Narniae
1118 2483 1280 2566 gloriante

37 2637 39 2640 Α
134 2568 576 2651 depranam-Maiestatitaae
599 2569 768 2633 concineret
789 2569 860 2634 siae
879 2572 945 2651 fiae
967 2569 1115 2635 dieentes.
1178 2582 1181 2589 ’

240 2655 447 2722 venerabiles
469 2657 593 2735 Patrae,
617 2656 703 2722 Deus
724 2657 952 2738 investigabilis
974 2656 1006 2721 in
1029 2656 1089 2723 viis
1107 2658 1186 2738 suis,
1210 2656 1284 2723 etin

133 2742 260 2827 judiciis
286 2742 609 2826 incomprehensibilis
639 2748 736 2825 atque
767 2745 1032 2828 sapientissimae,
1067 2744 1284 2825 postulationes

136 2849 309 2914 precesque
342 2837 467 2897 nostras
498 2836 567 2896 tum
594 2831 650 2897 Pio
684 2831 747 2897 ΡΡ.
771 2839 883 2901 octavo
917 2851 975 2914 per
1003 2830 1286 2899 Eminentissimuu

135 2916 227 2991 Rullo
249 2918 347 2985 Scilla
368 2918 612 3001 Neapolitanum
634 2918 924 3001 Archiepiscopum‚
957 2924 1025 2985 tum
1048 2925 1123 3001 post
1145 2919 1287 3003 temporis

135 3006 277 3088 elapsum
298 3026 355 3089 per
376 3025 590 3074 successorem
612 3007 680 3090 ejus
702 3007 995 3073 Eminentissimum
1011 3005 1195 3074 (laracciolo
1219 3006 1289 3074 Gra·

136 3095 225 3176 gorio
255 3092 315 3159 PP.
340 3094 459 3161 decimo
489 3101 577 3160 sexto
610 3095 748 3176 delatas,
782 3095 884 3161 noluit
913 3099 951 3159 ut
979 3101 1124 3160 nostram
1146 3095 1290 3180 probaret

136 3183 346 3247 constantiam
376 3184 439 3248 cito
454 3182 626 3249 exaudire.
680 3181 778 3249 Sacra
811 3184 894 3248 enim
927 3183 1058 3248 Rituum
1082 3181 1291 3267 congregato

135 3273 300 3344 statuerat.
323 3271 411 3335 ultra
431 3270 465 3334 in
488 3270 593 3335 Missis
616 3288 714 3336 novas
737 3268 950 3352 praelationes
973 3289 1036 3336 non
1059 3270 1190 3340 addere.

240 3357 284 3421 At
306 3375 398 3438 nunc,
421 3357 626 3423 venerabiles
648 3357 769 3437 Patres,
793 3356 897 3424 levate
920 3357 1027 3425 oculos
1048 3363 1193 3435 veshos3
1226 3375 1293 3425 ecoe

135 3447 213 3524 quot
234 3445 506 3526 percrebescentia
521 3445 613 3525 mala,
638 3463 720 3526 quae
735 3446 922 3510 minitantm
944 3447 1072 3528 penitus
1091 3446 1294 3512 christianam

135 3536 168 3596 et
202 3530 325 3598 civilem
358 3533 541 3598 societatem
576 3534 735 3599 evertere!
788 3532 872 3600 Ecce
898 3531 953 3598 filii
985 3532 1088 3600 Belial
1117 3535 1294 3601 exultantes

135 3619 227 3700 quasi
249 3620 385 3686 victores
401 3625 496 3701 capta
518 3620 646 3702 praeda,
671 3620 797 3703 quando
814 3620 958 3686 dividunt
980 3621 1092 3705 spolia,
1115 3622 1295 3703 regionibus

135 3707 253 3772 nostris
277 3705 350 3773 olim
372 3707 546 3774 Naviculae
560 3707 650 3774 Petri
671 3709 893 3775 addictissrmrs
915 3727 998 3773 nova
1013 3709 1164 3792 dogmata
1185 3726 1296 3776 novas·

135 3810 196 3873 que
219 3794 379 3860 doctrinas
400 3796 602 3861 invexerunt!
636 3798 726 3876 Ecce,
749 3797 900 3862 horresco
923 3796 1072 3877 referens,
1096 3797 1213 3879 impius
1235 3795 1295 3862 Re·

134 3898 236 3946 nanus
259 3883 413 3965 sacrilege
450 3882 663 3966 blasphemat,
700 3891 732 3950 et
763 3883 847 3949 illius
879 3884 1085 3965 blasphemiis
1119 3885 1198 3953 socii
1228 3886 1294 3968 ejus

134 3968 300 4049 plaudunt,
323 3970 456 4051 illasque
471 3976 630 4052 repetunt,
654 3975 687 4036 et
709 3990 843 4054 mnam
857 3969 931 4037 fidei
954 3991 972 4037 e
995 3972 1141 4038 cordibus
1156 3969 1295 4037 fidelium

134 4056 269 4123 evellere
293 4063 456 4124 conantur.
496 4060 601 4141 Luget
623 4059 734 4139 Gallia,
758 4059 847 4142 luget
868 4059 962 4125 Italia
984 4060 1176 4143 Emopaquo
1198 4058 1293 4141 luget,

135 4162 210 4209 nam
231 4149 390 4211 torrentes
412 4145 597 4228 iniquitatis,
629 4146 837 4229 corruptionis
860 4153 957 4228 atque
984 4147 1202 4229 blasphemiae
1225 4163 1293 4212 cou-

134 4232 346 4298 turbaverunt
379 4233 563 4314 Ecclesiam,
599 4238 763 4315 totumque
793 4234 944 4300 muudum
966 4235 999 4298 iu
1029 4237 1207 4317 gurgitibus
1230 4233 1293 4298 suis

130 4320 198 4400 jam
226 4322 295 4403 jam
323 4322 502 4388 absorbent.
560 4321 672 4387 Adhuc
707 4321 822 4388 Manus
853 4322 979 4388 Domini
1010 4327 1156 4404 extenta,
1193 4319 1295 4386 adhuc
