2872 4874
349 112 388 158 11
411 111 508 159 meus
530 113 589 159 111.
612 72 732 164 amana.
756 115 793 160 11
815 114 945 164 mseras.
1171 107 1239 167 211

466 372 500 454 2.
541 370 846 456 coadunanda

127 528 320 596 Episcopi
344 529 631 609 LUCIONENSIS,
655 531 712 596 AD
736 532 911 597 PARVAM
934 533 1173 603 ecclesian

230 633 413 721 (SECTAM
436 633 804 720 STEVENISTARUM)
828 638 1071 709 PERTINENS.

173 777 403 858 Episcoporum
418 777 625 857 quommdam
647 778 808 842 obstinata
823 781 992 847 renuentia
1014 782 1080 848 suis
1095 781 1237 850 Sedibus.

63 865 219 943 cedendi,
253 871 326 946 post
355 864 601 946 publicationem
635 865 830 930 Litterarum
859 868 1112 948 Apostohcamm
1149 871 1230 936 Tam

58 954 177 1031 malta
200 953 266 1017 diei
286 952 355 1019 XV.
374 952 492 1019 Mensis
507 951 651 1034 Augusti,
675 954 751 1018 anni
772 959 865 1033 1801,
881 953 1123 1023 conclusionem
1147 957 1228 1025 Gon-

60 1042 191 1107 cordati
226 1041 439 1122 spectantium
470 1041 555 1120 quod
588 1041 702 1105 inierat
735 1040 768 1105 S.
799 1040 831 1109 S.
860 1043 935 1108 Pius
962 1045 1023 1113 ΡΡ.
1055 1046 1121 1113 Vll.
1159 1066 1237 1115 cum.

58 1126 266 1210 Napoieone,
296 1130 398 1210 primo
422 1127 557 1194 Consule
579 1128 722 1194 Gallicae
752 1128 972 1211 Reipublicae,
1003 1140 1109 1199 ortum
1144 1135 1231 1201 dedit

59 1217 195 1282 cuidam
209 1215 389 1295 schismati,
412 1217 504 1298 cujus
527 1215 667 1281 lautores
690 1223 724 1281 et
739 1215 921 1283 Sectatores
943 1221 977 1284 in
1000 1219 1106 1287 Gallia
1120 1222 1230 1288 Dissi-

58 1306 185 1382 deales,
210 1311 267 1371 aut
290 1306 386 1369 etiam
403 1326 527 1385 parvae
549 1303 714 1369 Ecclesiae
737 1306 882 1383 memora
907 1315 1070 1376 vocantur.

78 1395 82 1403 '
174 1391 230 1459 Sat
267 1392 343 1457 altis
382 1393 543 1458 radicibus
576 1392 722 1457 inhaeret
755 1393 833 1457 illud
871 1393 1015 1460 Schisma
1052 1399 1083 1461 11
1124 1398 1230 1464 Veteri

72 1481 203 1547 Veadea
235 1480 386 1558 militari,
421 1499 502 1560 quae
534 1481 594 1544 sub
627 1478 719 1544 finem
754 1479 867 1546 XVlll.
896 1483 1015 1549 saeculi
1048 1503 1236 1566 pugnarum

61 1567 225 1634 heroismo
267 1569 539 1649 praestantissimo
580 1569 765 1633 notabilium
812 1568 926 1634 Sedem
965 1588 999 1636 se
1031 1572 1132 1652 dedit,
1171 1593 1236 1656 pro

63 1656 240 1739 Religionis
263 1655 417 1738 Regiique
438 1656 612 1738 Regiminis
635 1655 824 1723 defensione.
895 1673 908 1687 ·

174 1744 334 1810 Dioecesis
366 1764 437 1811 mea
459 1745 677 1824 Lucionensis,
710 1747 801 1828 cujus
832 1745 918 1810 intra
939 1745 1055 1812 limites
1078 1766 1153 1829 pars
1178 1753 1228 1814 est

68 1832 174 1914 aliqua
197 1832 328 1914 hujusce
356 1833 494 1913 regionis
523 1830 687 1897 nobihtate
716 1834 862 1913 bisignis,
894 1832 1143 1901 Christianorum
1175 1835 1237 1901 hee

68 1939 157 1986 roum
180 1922 335 2002 sanguine
364 1917 462 1986 effuso
486 1920 680 1999 illustratae,
710 1919 885 1986 Schismate
907 1920 1147 1987 Dissidaaliam
1168 1921 1228 1989 fuit

68 2007 183 2096 iniecta
213 2008 401 2090 quibusdam
432 2010 463 2073 in
495 2006 667 2075 Parochiis.
724 2007 910 2073 Generatim
943 2008 989 2074 1111
1022 2010 1235 2076 Dlssa‘cleates·

68 2103 141 2161 sunt
164 2095 335 2162 Christiani
358 2097 546 2161 austeritate
568 2096 661 2172 vitae,
686 2115 870 2177 morumque
893 2098 1078 2178 integritate
1100 2099 1233 2164 omnino

69 2185 293 2250 commendati:
317 2192 352 2251 at
375 2203 414 2250 er
436 2183 578 2250 ecclesiis
593 2185 702 2249 exules
725 2186 844 2264 vivunt,
869 2184 979 2250 diebus
1005 2186 1176 2250 Dominicis
1192 2195 1226 2250 et

68 2269 201 2338 Festivis
223 2273 264 2337 ad
288 2274 463 2338 orationem
486 2290 520 2336 se
535 2271 699 2337 conserunt
720 2273 753 2337 in
776 2273 885 2338 domos
900 2274 1049 2354 privatas,
1072 2274 1125 2338 ubi
1148 2273 1227 2338 adu-

70 2368 188 2426 nantur
211 2360 411 2442 praesidente
436 2379 569 2441 persona
591 2360 686 2439 laica,
711 2361 776 2426 sive
799 2362 866 2425 viro
890 2362 956 2425 sive
979 2362 1122 2438 muliere,
1146 2379 1235 2442 quae-

69 2450 163 2513 111111
187 2447 425 2514 Dissidealiam
452 2447 589 2514 inientes
612 2449 767 2530 baptizat,
797 2449 860 2514 imo
883 2450 1050 2531 corijugum
1072 2469 1130 2531 pro
1154 2468 1227 2515 con-

68 2537 231 2603 trahendis
254 2538 460 2602 matrimoniis
484 2554 671 2601 consensum
693 2537 814 2618 recipit.

173 2624 457 2690 Praedecessorum
491 2642 631 2689 meorum
660 2624 801 2706 vestigiis
829 2622 1013 2703 inhaerens,
1046 2623 1167 2688 nulium
1188 2641 1234 2690 er.

69 2715 104 2778 iis
126 2730 209 2792 quae
233 2712 309 2777 mihi
332 2718 506 2794 suppetunt
520 2711 640 2787 mediis,
665 2712 706 2775 ad
729 2730 783 2776 eos
799 2713 913 2775 misere
936 2711 1044 2776 devios
1064 2712 1098 2776 in
1120 2711 1226 2777 aulam

69 2801 165 2866 divini
199 2800 341 2866 Pastoris
369 2800 564 2867 reducendos
595 2799 747 2864 adhihere
774 2800 991 2880 praetermisi:
1026 2807 1062 2864 et
1087 2799 1231 2881 quolibet

67 2907 159 2968 anno,
184 2889 349 2955 occasione
379 2890 566 2970 praesertim
589 2887 812 2953 visitationum
836 2886 1065 2966 Pastorahum,
1097 2887 1231 2969 quidam

67 2975 279 3054 Dissideates,
304 2995 374 3042 curn
397 2994 512 3058 magno
542 2993 612 3039 meo
636 2975 759 3055 solatio,
784 2975 825 3039 ad
853 2975 1008 3039 unitatem
1032 2972 1227 3041 Gathohcam

66 3070 276 3131 revertuntur.

172 3151 366 3228 Quibusdam
402 3153 434 3216 in
474 3151 677 3217 Dioecesibus
719 3148 958 3216 Dissideala‘am
996 3149 1103 3228 Secta,
1144 3150 1227 3216 idest

65 3239 176 3305 Paroa
198 3239 344 3304 Ecclesia
367 3247 403 3304 ut
426 3246 548 3319 vocant,
574 3239 919 3305 Excommunicationis
936 3239 1151 3320 publicatione
1166 3237 1227 3301 fuit

65 3325 248 3409 profligata:
283 3346 345 3391 non
376 3328 422 3391 ita
453 3329 485 3392 11
518 3327 661 3393 Dioecesi
683 3326 888 3404 Lucionensi,
924 3326 977 3391 ubi
1006 3344 1133 3408 semper
1155 3343 1234 3390 cum.

65 3415 309 3481 Discedentibus
330 3415 395 3480 illis
412 3421 517 3479 actum
541 3423 591 3480 est
613 3414 811 3496 indulgentia
826 3413 963 3495 quadam
986 3422 1019 3478 11
1042 3419 1226 3477 mansuetu·

65 3504 150 3568 dine:
174 3504 255 3567 hano
278 3503 318 3566 ob
341 3521 469 3567 causam
485 3504 667 3568 necessaria
681 3502 889 3567 mansuetudo
912 3501 996 3581 quod
1012 3502 1105 3582 huJus
1121 3498 1227 3565 Schis-

65 3591 160 3655 matis
184 3592 308 3656 occasio
333 3592 367 3653 11
400 3590 522 3655 Veadea
553 3591 718 3655 intricetur
741 3590 897 3655 elemento
928 3588 1064 3670 quodam
1088 3587 1234 3670 politico,

64 3680 148 3759 quod
171 3679 297 3759 quidem
320 3679 467 3743 innititur
490 3679 696 3759 dispositione
721 3680 872 3760 ingenita,
895 3696 915 3741 a
938 3677 1082 3758 patribus
1105 3674 1227 3740 scilicet

65 3768 130 3831 suis
158 3773 303 3848 accepta,
337 3768 369 3830 in
402 3765 540 3830 levorem
576 3767 682 3846 regiae
710 3765 932 3847 legitimitatis.
983 3762 1065 3829 'lota
1100 3763 1228 3828 Vendea

64 3863 219 3935 perpetuo
246 3854 279 3918 in
313 3856 401 3935 praxi
435 3859 613 3934 protestata
642 3861 692 3920 est
725 3861 836 3918 contra
859 3854 1014 3934 quasdam
1037 3849 1228 3916 concordati

66 3943 294 4020 ordinationes,
326 3959 364 4006 er
387 3960 425 4007 eo
448 3941 530 4022 quod
564 3941 638 4006 illae
661 3942 875 4006 ordinationes
897 3957 1035 4004 coaevae
1055 3939 1121 4004 sint
1143 3938 1234 4018 rega.

65 4031 157 4094 minis
180 4029 301 4111 politici
323 4030 407 4110 quod
424 4047 519 4110 aegre
541 4029 626 4094 illius
641 4029 791 4110 Regionis
812 4028 935 4093 incolae
957 4027 1138 4091 admittunt
1172 4023 1235 4090 Sic

64 4117 163 4185 Festo
185 4137 206 4182 1
228 4115 428 4183 Concordato
450 4134 623 4200 suppressa
653 4118 686 4181 in
715 4115 841 4183 Veadea
865 4114 1073 4194 celebrantur,
1097 4130 1233 4194 operum,
