2872 4874
130 334 201 397 ’156
642 349 809 396 rosrunlm

136 490 275 555 millibus
298 491 434 556 decretis
467 495 500 554 et
525 488 804 554 constitutionibus
827 486 1014 553 Pontificum
1038 488 1216 569 dispersae,
1248 489 1295 552 vix

125 597 175 643 ac
197 597 237 643 ne
260 579 311 642 vix
333 578 458 659 quidem
482 596 501 642 a
524 576 723 658 peritissimis
751 576 829 657 ipsis
852 577 940 641 nosci
971 592 1079 640 omnes
1102 581 1241 657 possunt,
1264 581 1295 641 et

136 664 312 746 permultae
333 667 367 730 in
385 666 458 749 jure
479 670 618 743 manent,
643 682 722 745 quae
743 666 811 746 jam
834 663 972 743 inutiles,
997 669 1054 727 aut
1069 681 1184 745 parum
1205 663 1295 728 utiles

126 753 274 818 evasisse
298 754 339 819 ab
362 755 506 819 omnibus
526 753 697 836 judicatur.

340 999 391 1064 De
416 998 538 1082 tepidus
561 997 856 1062 matrimonialibus
879 996 1106 1078 reformandis,

242 1156 321 1221 Cum
344 1175 384 1221 ex
406 1175 469 1220 nna
492 1161 591 1237 parte,
626 1155 722 1219 ciuile
745 1155 828 1237 quod
858 1159 972 1220 vocant
994 1154 1233 1218 matrimonium
1255 1153 1295 1216 it=

136 1264 220 1310 nunc
241 1245 326 1325 apud
350 1261 466 1323 omnes,
498 1244 595 1308 etiarn
618 1241 787 1308 catholicas
815 1243 959 1308 nationes
990 1241 1167 1307 stabilitum
1189 1241 1239 1319 sit,
1263 1258 1295 1303 ua

133 1331 224 1397 nulla
256 1350 328 1414 spes
359 1332 499 1414 proxima
531 1336 697 1396 remaneat
732 1331 971 1413 abrogationem
1002 1329 1085 1394 illius
1119 1325 1295 1393 obtinendi

130 1439 175 1484 ¹eu
209 1419 312 1484 altera
344 1439 418 1484 vero
445 1425 537 1500 parte
564 1437 656 1485 nemo
688 1437 752 1483 non
782 1418 956 1500 perspiciat
988 1422 1139 1499 qnantum
1171 1414 1247 1480 mali
1268 1432 1295 1479 ε

138 1507 281 1572 scandali
295 1507 432 1589 profluat
455 1526 493 1572 ex
508 1507 718 1572 matrimoniis
740 1505 802 1571 illis
829 1525 919 1588 quae,
944 1524 1052 1571 coram
1068 1507 1136 1570 Deo
1151 1503 1295 1568 invalide

137 1597 170 1659 in
193 1594 276 1660 civili
298 1601 403 1660 tamen
427 1593 494 1661 loro
517 1613 574 1677 pro
600 1594 712 1661 validis
740 1595 914 1659 habentur:
939 1595 981 1660 ad
1003 1599 1070 1659 tam
1092 1593 1295 1675 pernicioso:

137 1687 268 1764 pestem,
292 1701 349 1763 pro
374 1683 568 1765 benignitate
593 1689 624 1748 et
647 1683 812 1763 sapientia*
823 1681 986 1747 Ecclesiae
1009 1679 1225 1760 avertendam,
1249 1697 1295 1744 νε

138 1770 249 1835 saltem
272 1771 482 1851 minuendam,
506 1776 628 1836 attento
657 1770 874 1836 submittenda
889 1770 1051 1835 videretur
1074 1768 1210 1833 examini
1232 1772 1295 1833 tot:

134 1859 177 1922 de
199 1859 396 1924 matrimonio
423 1858 583 1941 legislatio
608 1860 775 1938 canonica,
808 1877 846 1924 eo
868 1857 930 1924 fine
953 1863 1004 1938 ut,
1028 1862 1182 1939 quantum
1205 1875 1295 1939 pene

138 1945 312 2011 Ecclesiam
334 1947 395 2011 erit
425 1952 457 2012 et
479 1947 578 2028 ipsius
608 1947 655 2012 rei
677 1951 792 2012 natura
814 1947 993 2028 permittet,
1025 1945 1140 2011 saltem
1163 1945 1295 2011 rariore

138 2031 317 2099 efficiantur
340 2051 432 2100 casus
455 2035 488 2098 in
510 2035 624 2116 quibus
646 2035 730 2100 idem
753 2035 986 2099 matrimonium
1009 2040 1042 2099 et
1064 2032 1204 2098 validum
1228 2032 1295 2098 civi

137 2120 211 2187 liter
233 2128 267 2187 et
289 2123 322 2187 in
346 2122 539 2188 conscientia
563 2122 682 2186 nullum
707 2140 776 2187 esse
798 2126 914 2204 potest.
977 2179 981 2184 .

92 2292 100 2297 -
243 2210 293 2275 Ad
316 2229 410 2291 quem
433 2227 563 2291 scopum
586 2211 817 2290 assequendum
844 2210 997 2292 imprimis
1026 2210 1182 2275 conducet
1202 2209 1295 2290 impe

136 2297 348 2449 dimcntforum
380 2297 593 2362 dirimentium
631 2298 853 2363 canonicorum
891 2297 1030 2379 prudens
1068 2297 1227 2377 reductio,
1260 2295 1295 2361 de

138 2402 200 2465 qua
222 2405 255 2450 m
269 2404 313 2451 ra.

136 2593 188 2658 De
202 2593 372 2658 minuendo
387 2593 685 2674 impedimentorum
703 2595 904 2659 matrimonii
919 2593 1139 2659 dirimentium
1153 2614 1292 2661 numero.

243 2750 332 2814 Inter
356 2752 580 2833 impedimenta
602 2753 796 2818 matrimonii
818 2752 1006 2832 dirimentia,
1031 2757 1207 2833 opportune
1231 2769 1295 2833 sup

142 2838 355 2920 primerentur
385 2857 602 2921 quaecumque
625 2841 746 2922 absque
769 2840 906 2921 graviori
936 2839 1129 2923 praejudicio
1155 2839 1295 2905 videntur

141 2925 296 2991 eliminari
318 2945 427 3008 posse,
452 2927 587 2993 scilicet:

246 3022 277 3077 1⁰
300 3014 449 3094 Quartae,
472 3017 536 3080 imo
559 3014 666 3080 forsan
689 3016 802 3079 tertius
819 3015 1103 3096 consanguinitatis
1126 3014 1256 3096 gradus.

128 3166 131 3172 .
208 3159 214 3168 .
244 3106 276 3165 2⁰
299 3101 477 3183 Spiritualis
511 3104 667 3183 cognatio,
707 3103 768 3167 nisi
808 3102 889 3169 forte
924 3104 1008 3168 inter
1041 3102 1239 3184 baptizatam
1268 3105 1295 3167 et

137 3189 308 3271 patrinum.

246 3281 278 3340 3⁰
301 3276 445 3342 Affinitas
469 3296 506 3341 ex
529 3278 714 3343 commercio
737 3277 859 3344 illicito.

243 3370 276 3428 4⁰
298 3363 444 3430 Affinitas
468 3384 506 3431 en
533 3366 718 3431 commercio
745 3365 845 3447 licito,
876 3365 963 3431 ultra
991 3367 1129 3447 primunr
1152 3367 1295 3449 gradum.

245 3457 277 3515 5⁰
298 3452 457 3518 Honestas
479 3452 605 3534 publica
628 3472 665 3519 cx
688 3452 899 3535 sponsalibus.

245 3545 276 3605 6⁰
298 3539 459 3606 Honestas
472 3540 596 3622 publica
619 3559 656 3606 ex
672 3541 872 3607 matrimonio
888 3546 981 3625 rato,
992 3546 1295 3621 non-consummato,

137 3627 225 3692 ultra
246 3628 382 3709 primum
405 3629 549 3710 gradum.

245 3721 277 3779 7ο
298 3715 562 3797 Inpedimentum
585 3717 723 3782 criminis
747 3736 785 3782 ex
799 3715 956 3782 adulterio
980 3715 1057 3797 solo,
1081 3717 1201 3796 absque
1224 3733 1295 3782 con-

134 3803 295 3885 jugicidio,
321 3809 377 3868 aut
400 3803 635 3871 machinatione
657 3803 898 3888 conjugicidii.1)

246 4013 268 4081 ¹)
288 4012 328 4067 ef.
348 4010 491 4067 Postulata
511 4012 630 4069 Concilio
648 4014 723 4072 Trid.
742 4015 899 4085 proposita:

244 4083 322 4151 „Non
342 4083 520 4139 contrahatur
538 4085 665 4153 cognatio
686 4085 840 4153 spiritualis
859 4101 909 4154 per
929 4084 1098 4152 Baptismum
1117 4091 1144 4138 et
1157 4081 1295 4138 confirma·

137 4152 240 4206 tionem
257 4153 311 4207 nisi
330 4154 402 4209 inter
420 4153 618 4209 ministrantem
637 4161 664 4209 et
689 4155 879 4223 recipientem,
907 4154 941 4208 ob
964 4153 1050 4207 multa
1069 4152 1295 4210 inconvenientia.

140 4291 146 4302 ι
244 4222 404 4291 ,Tollantur
422 4225 506 4278 etiarn
523 4224 725 4292 impedimenta,
744 4241 813 4291 quae
824 4226 950 4280 dicuntur
962 4223 1133 4291 cognationis
1149 4222 1251 4292 legalis
1270 4226 1295 4276 et

129 4292 260 4364 ⁴,iustitiae
278 4294 405 4361 publicae
423 4294 591 4364 honestatis3
616 4301 645 4349 et
664 4295 821 4349 minuantur
839 4294 1035 4367 impedimenta
1054 4292 1295 4363 consanguinitatis

134 4367 165 4414 et
183 4361 354 4418 affinitatis.“
398 4365 514 4433 (Postul.
534 4365 632 4422 Barth.
651 4381 667 4419 a
686 4364 820 4449 Martyr.)
