2872 4874
528 310 566 355 on
589 308 687 356 ansus
710 307 899 357 marinas
1240 296 1300 360 105

145 446 372 529 mmdmmmt,
391 447 478 529 quod
492 464 530 514 eo
541 448 642 530 mame
658 447 878 530 aggressiones
892 447 973 513 ntae
985 448 1096 514 noxiae
1111 454 1187 515 snut
1201 448 1300 531 nobis,

150 554 205 619 qno
225 533 360 601 debilior
382 540 433 601 ast
454 534 593 601 conditio
616 542 735 602 nostra.

241 622 282 689 X
316 622 520 706 Quapropter
541 623 623 689 haec
644 623 751 689 omnia
772 624 806 688 iu
828 624 889 688 hac
910 620 1064 687 nationali
1077 620 1205 706 Synodo
1228 643 1302 692 con-

150 708 330 793 adpones
351 721 388 777 et
408 711 443 777 in
465 709 617 778 tribunali
635 711 782 794 justitiae
803 709 1042 792 perpendentes
1064 710 1178 778 Patres
1201 711 1302 795 Syno-

150 796 227 865 oda
257 814 371 865 rocem
400 816 492 864 suam
524 798 568 864 ad
601 796 793 864 Cathedram
815 798 992 864 Romanam
1021 802 1054 862 et
1078 797 1150 864 Tibi
1173 800 1301 869 Vicario

153 885 266 953 llomini
299 885 403 952 nostri
428 884 508 952 lesu
536 882 671 965 Christi,
707 887 757 952 cui
788 884 971 951 concredita
998 889 1049 950 est
1076 902 1224 969 suprema
1254 886 1301 954 in·

152 971 278 1039 bllrbilis
308 972 485 1057 magisterii
512 974 704 1054 auctoritas,
739 972 907 1054 extollunt,
941 970 1047 1039 ethis
1077 975 1297 1057 praesentibus

152 1061 263 1145 mtpas
297 1060 511 1145 Synodalibus
547 1061 712 1128 consilium
749 1078 827 1127 snae
864 1060 980 1126 mentis
1016 1059 1087 1127 Tibi
1123 1080 1301 1146 proponere

151 1146 303 1227 induant,
339 1154 372 1214 et
402 1148 448 1214 Te
469 1147 590 1215 Christi
611 1148 772 1216 vicarium
803 1147 1031 1230 adprobantur,
1064 1153 1101 1215 ur
1129 1150 1157 1215 si
1187 1168 1300 1234 oppor-

153 1240 246 1301 tunum
267 1235 341 1302 Tibi
363 1236 529 1318 videbitur,
552 1237 658 1320 gravis
680 1236 760 1302 baec
781 1241 816 1303 et
836 1235 930 1301 valde
957 1237 1138 1303 necessaria
1158 1239 1300 1320 quaestio

152 1322 315 1390 inminenti
349 1322 560 1391 Oecumenico
594 1330 791 1407 proponatur
820 1321 976 1404 concilio,
1006 1329 1040 1390 et
1069 1324 1128 1391 Jus
1151 1324 1301 1392 Gentium

154 1410 321 1477 solemniter
343 1411 460 1479 ibidem
493 1413 708 1495 proclametur
735 1418 831 1495 atque
854 1412 1020 1494 tyrannica
1046 1413 1128 1496 juris
1162 1412 1300 1481 fortioris

155 1499 294 1583 principia
314 1500 442 1583 penitus
469 1500 729 1579 condemnentur,
761 1507 794 1566 et
817 1499 924 1564 Divini
946 1500 1112 1583 Praecepti
1138 1500 1227 1581 „Non
1250 1520 1300 1568 oc·

156 1586 240 1652 a‘dee“
274 1604 353 1653 vere
384 1587 470 1654 notio
492 1588 638 1654 omnibus
668 1588 878 1670 praedicetur,
909 1587 1055 1669 bellaque
1085 1589 1203 1672 injmta
1225 1608 1299 1657 rere

154 1673 265 1741 wem
301 1680 505 1759 stragemque
536 1676 729 1742 constituere
758 1675 861 1741 denuo
889 1673 1100 1741 confirmetur.
1149 1676 1233 1745 Hinc
1266 1682 1300 1744 et

156 1760 321 1829 almnniter
349 1763 432 1846 justi
459 1763 536 1829 belli
559 1764 755 1830 conditiones
781 1764 875 1846 juxta
902 1765 1085 1830 canonicum
1108 1765 1181 1845 lus,
1215 1766 1300 1848 quod

156 1847 250 1933 suque
285 1850 499 1932 proculcatur,
534 1850 574 1917 ab
609 1851 718 1917 eodem
746 1850 954 1916 oecumenico
978 1848 1117 1917 Concilio
1139 1850 1300 1919 infallibili

159 1936 336 2004 inormitate
358 1939 568 2021 publicentur.
603 1937 648 2003 Et
670 1939 745 2021 quia
769 1939 918 2005 universe
933 1936 1014 2004 baec
1036 1938 1193 2020 impietas,
1218 1958 1299 2023 quae

161 2025 239 2092 noia
262 2024 430 2092 (imbuere
458 2028 606 2107 minatur,
629 2026 808 2093 necessario
837 2025 944 2108 exigit,
975 2026 1065 2090 utin
1089 2025 1299 2109 applicatione

160 2110 362 2196 nicipiorum
377 2110 579 2180 Christianae
593 2113 793 2192 moralitatis,
817 2119 851 2179 et
864 2131 1021 2179 canonum
1036 2111 1210 2195 Ecclesiae,
1226 2132 1299 2196 per·

157 2214 265 2269 meua
288 2205 325 2267 et
346 2200 508 2267 incessens
522 2202 667 2267 veritatis
689 2202 852 2269 oraculum
868 2218 1066 2283 quocumque
1081 2218 1189 2267 rocem
1205 2219 1298 2267 suam

153 2289 316 2370 altudere,
340 2290 541 2372 omniumque
555 2288 779 2355 conscientiam
801 2294 905 2354 tutam
919 2288 1054 2354 reddere
1076 2289 1189 2370 possit:
1213 2289 1298 2368 Qua·

153 2381 264 2459 popter
285 2376 366 2442 baec
395 2377 466 2460 ipsa
487 2376 631 2461 Synodus
661 2376 740 2443 illud
763 2377 856 2444 valde
878 2377 1093 2444 necessarium
1115 2394 1184 2442 essa
1207 2395 1298 2443 rere·

154 2470 240 2531 mter
272 2480 312 2530 ac
333 2462 495 2531 humiliter
527 2464 637 2546 credit
670 2464 755 2548 quod
786 2464 994 2531 Oecumenico
1017 2462 1169 2543 Concilio,
1201 2464 1229 2529 si
1251 2465 1297 2530 ita

151 2544 204 2617 libi
230 2550 404 2634 videbitur,
437 2557 642 2635 proponatur,
674 2558 711 2617 ut
740 2552 824 2635 apud
855 2551 969 2618 Sedem
991 2552 1079 2619 Petri
1109 2569 1298 2635 permanens

152 2650 380 2721 supremumque
413 2658 452 2705 ex
483 2641 623 2706 omnium
655 2641 804 2708 Gentium
828 2640 911 2722 juris
942 2640 1054 2723 peritis
1085 2641 1294 2722 compositum

153 2720 284 2794 lubunal
300 2728 519 2808 constituatur,
535 2729 619 2811 quod
641 2729 673 2793 in
696 2729 792 2794 verbo
808 2726 883 2793 belli
898 2728 1055 2795 examinet
1070 2735 1103 2794 et
1119 2729 1296 2811 perpendat

152 2816 239 2881 ulrum
260 2821 393 2880 mutuae
416 2815 602 2882 societatum
618 2815 788 2883 relationes
812 2834 883 2882 cum
906 2815 1075 2882 moralibus
1092 2813 1293 2882 Christianae

151 2894 304 2984 &Monta
327 2901 452 2986 legibus
484 2904 684 2983 conveniaut3
714 2923 752 2971 ac
775 2903 901 2969 nomine
922 2902 1016 2969 Sedis
1043 2903 1130 2969 Petri
1152 2902 1299 2970 defensor

148 2982 256 3055 laium
278 2992 384 3071 gentis
400 2991 622 3072 constituatur,
647 2994 737 3076 cujus
752 3010 813 3056 vox
831 2990 967 3075 juridica
989 2991 1030 3056 ab
1052 2988 1212 3057 infallibili
1227 2990 1297 3058 Tua

152 3070 341 3158 lactoritete
377 3079 432 3161 qui
454 3078 599 3145 Vicarius
635 3097 669 3144 es
704 3079 836 3159 Christi,
873 3076 1076 3156 confirmata,
1107 3096 1209 3144 canon
1240 3096 1299 3145 seu

100 3218 102 3223 ,
151 3164 243 3247 baula
277 3165 424 3248 publicae
457 3167 671 3233 constituatur
704 3167 930 3246 conscientiae;
963 3164 1108 3250 quatiet
1138 3166 1235 3231 etiam
1262 3171 1298 3233 ut

100 3298 102 3307 ·
151 3241 273 3318 lunam
295 3254 433 3320 societas
456 3254 497 3320 ab
512 3255 719 3341 ‚imminentis
743 3254 855 3320 ruinae
879 3254 1062 3336 praecipitio
1085 3258 1205 3336 erepta,
1236 3272 1298 3336 quo

145 3348 285 3413 demersa
305 3342 483 3423 praesentis
498 3342 651 3425 temporis
674 3341 803 3409 socialia
820 3341 974 3424 principia
988 3341 1145 3408 trahendo
1162 3341 1296 3425 dejicere

144 3434 205 3517 mm
236 3428 410 3510 minantur,
445 3429 575 3496 modam
610 3429 779 3512 aliquando
813 3429 973 3511 quiescat;
1009 3434 1042 3496 et
1065 3427 1230 3495 Gubemia
1256 3428 1298 3495 ab

142 3517 260 3611 immani
281 3514 338 3581 illa
351 3518 542 3585 necessitate
563 3516 738 3583 liberentur
759 3517 905 3599 ingentes
919 3522 1071 3600 perpetuo
1087 3517 1192 3583 alendi
1207 3534 1294 3582 exer-

136 3606 222 3683 atur,
258 3604 314 3687 qni
347 3622 419 3670 cum
452 3622 566 3687 magno
599 3606 664 3670 sint
694 3605 897 3670 incitamento
931 3605 1057 3671 socialis
1087 3603 1296 3685 corruptionis

112 3760 116 3775 ,
137 3696 265 3769 morum,
288 3692 471 3759 mnumeras
486 3709 610 3775 quoque
630 3711 796 3758 aemmnas
813 3691 1055 3775 teterrimosque
1075 3689 1204 3758 effectus
1225 3708 1298 3773 pro·

129 3776 275 3860 &munt
299 3778 486 3863 populisque
496 3781 565 3862 jam
588 3780 788 3846 intolerabile
813 3780 937 3862 paudus
959 3781 1085 3851 omuino
1108 3777 1295 3845 efficiuntur.

240 4038 311 4124 Ego
333 4040 554 4124 infrascriptos
572 4041 687 4109 Testor
710 4042 793 4125 quod
808 4060 867 4125 per
882 4040 1163 4108 extraordinariam
1185 4041 1296 4106 motio·

138 4138 208 4193 uem
231 4126 378 4210 formula,
397 4131 487 4212 cujus
504 4129 688 4195 authentica
706 4137 739 4195 et
758 4127 860 4195 fidelis
878 4128 1035 4194 traductio
1056 4126 1217 4210 praecedit
1235 4127 1295 4192 snb

137 4211 228 4281 titulo
254 4214 390 4296 „Votum
413 4215 550 4299 Synodi“
577 4216 662 4283 lecta
683 4216 744 4283 fuit
770 4217 905 4282 Amano
927 4216 1077 4280 idiomate
1099 4214 1132 4279 in
1157 4211 1296 4296 (langre-

141 4303 258 4380 aeone
288 4301 439 4369 Generali
464 4309 514 4369 75.
568 4304 641 4370 Diei
671 4310 722 4371 20.
755 4303 902 4370 Octobris
931 4301 1125 4369 anni1869.
1177 4299 1297 4384 Synodi
