2872 4874
226 334 271 392 74
727 346 896 394 rosumere

229 491 325 566 petua
348 486 540 566 assistentia,
568 486 705 566 ideoque
726 486 839 551 dixerit
861 489 996 552 Romani
1019 485 1179 553 Pontificio
1201 489 1334 552 decreta
1358 488 1396 552 de

229 571 292 637 fide
314 577 347 637 et
369 574 509 638 moribus
532 591 597 638 non
628 591 699 637 esse
723 575 763 638 ab
787 575 929 639 omnibus
953 574 1070 640 Christi
1098 573 1244 640 fidelibus
1268 576 1301 639 in
1318 590 1395 640 erno

221 661 341 726 mentis
364 667 497 726 assensu
520 661 728 742 suscipienda,
753 662 922 725 anathema
946 664 998 727 sit.

332 765 452 847 Romae
475 766 527 831 die
553 770 603 829 13.
626 763 771 830 ianuarii
797 772 890 833 1870.

754 905 912 988 Josephus
934 906 1175 990 PappSzilagyi
1217 940 1228 973 ,ι
1319 921 1322 926 ’

570 1014 746 1094 Episcopus
769 1011 1129 1093 Magno-Varadinensit
1152 1014 1262 1094 graeci
1286 1013 1369 1077 ritus

656 1117 887 1182 catholicorum
910 1120 942 1181 iu
965 1135 1063 1200 regno
1086 1117 1283 1200 Hungariae.

699 1310 913 1319 ffl—

590 1464 845 1532 Eminentissime
868 1465 1030 1547 Princeps!

331 1604 530 1686 infrascripti
545 1605 659 1671 Patres
675 1607 764 1670 enine
780 1613 812 1670 et
835 1605 998 1670 humiliter
1013 1610 1127 1686 petunt
1150 1606 1190 1669 ab
1207 1603 1393 1670 Eminentia

222 1691 357 1772 Vestra,¹
376 1699 531 1774 [tanquam
553 1693 704 1759 Praeside
736 1692 1018 1776 „congregationis
1050 1692 1221 1774 peculiaris
1251 1691 1392 1758 aSSmo

226 1780 361 1846 Domino
383 1780 500 1846 Nostro
523 1781 581 1847 Pio
603 1781 690 1862 Papa
711 1781 767 1845 IX.
792 1782 965 1862 deputatae
988 1799 1045 1862 pro
1069 1780 1260 1862 recipiendis
1283 1786 1318 1844 et
1340 1799 1391 1845 ex-

221 1869 398 1949 pendendis
431 1870 565 1934 Patmm
597 1869 898 1951 propositionibus“,
936 1875 981 1947 ut,
1022 1875 1167 1951 tempore
1202 1875 1387 1949 opportuno,

227 1955 314 2021 Er'uis
337 1962 370 2022 et
392 1956 479 2021 Rmis
495 1957 643 2021 Patribus
667 1958 770 2022 dictae
787 1954 1061 2039 congregationis,
1084 1956 1212 2021 schema
1233 1973 1385 2021 annexum

224 2045 309 2123 „Pro
332 2043 558 2110 infallibilitate
580 2044 716 2109 Romani
737 2042 899 2110 Pontificio
931 2064 969 2109 ex
992 2044 1154 2127 principiis
1175 2043 1243 2125 jam
1265 2043 1306 2108 ab
1329 2043 1387 2107 Ec·

220 2132 322 2219 clesia
344 2131 516 2197 universali
538 2133 675 2213 receptis
702 2132 804 2214 logice
834 2133 980 2213 clareque
1009 2130 1218 2209 delinienda“,
1243 2130 1392 2196 exhibere

226 2220 383 2301 dignetur.

331 2306 411 2372 Cum
438 2306 578 2371 rationes
602 2308 640 2371 ob
668 2324 748 2387 quas
770 2306 817 2370 ita
846 2305 1025 2371 faciendum
1051 2306 1301 2387 judicaverimus
1325 2306 1394 2388 ipso

223 2394 381 2459 schemati
421 2394 562 2458 adnexae
592 2394 804 2472 inveniantur,
838 2393 917 2457 nihil
945 2393 1031 2457 aliud
1064 2399 1210 2476 superest
1237 2412 1336 2474 quam
1358 2400 1395 2458 ut

221 2481 527 2563 obsequentissimus
560 2482 658 2545 animi
685 2482 786 2546 nostri
816 2498 927 2545 sensus
950 2499 1025 2562 erga
1047 2482 1101 2560 Te,
1134 2480 1394 2546 Eminentissime

223 2568 385 2650 Princeps
408 2570 525 2633 iterum
548 2566 763 2650 profiteamur.

330 2691 531 2756 Eminentiae
553 2690 638 2756 Tuae
661 2691 761 2756 Rrirae
783 2709 820 2754 ac
843 2690 954 2756 lllrnae

620 2814 718 2879 Hurini
739 2813 864 2878 Famuli
887 2820 920 2878 et
942 2813 1071 2880 Fratres
1093 2814 1127 2877 in
1149 2812 1286 2879 Christo.
1344 2862 1347 2868 Δ

272 2935 360 3001 Huio
378 2936 594 3016 postulationi
616 2937 875 3016 subscripserunt
897 2938 1035 3020 quiaque
1059 2935 1196 3002 Ooociiii
1218 2934 1349 3000 Patres.

700 3132 915 3142 «μη-α..-

251 3298 425 3368 SCHEMA
446 3303 530 3370 PRO
552 3300 919 3370 INFALLIBILITATE
942 3300 1108 3368 ROMANI
1130 3300 1366 3369 PONTIFICIS

358 3465 397 3509 aa
419 3445 604 3527 Principiis
620 3447 694 3527 jam
716 3444 755 3509 ab
778 3443 924 3508 Eooiemo
946 3444 1098 3509 mioerso
1120 3443 1256 3524 recepto

568 3550 667 3633 topice
690 3549 835 3630 ctorepoe
856 3548 1045 3628 definiendo.

329 3706 370 3770 Io
406 3708 476 3788 ipso
510 3707 623 3788 Capite
653 3707 692 3771 de
723 3705 868 3770 Romano
891 3705 1056 3786 Poatifiee
1089 3706 1253 3771 damnatis
1280 3707 1393 3784 primo

219 3791 296 3857 ioco,
311 3795 475 3859 erroribus
497 3801 609 3861 contro
632 3795 701 3876 ejas
722 3793 915 3871 Primatum,
938 3793 1014 3858 iaec
1036 3793 1089 3857 aei
1110 3793 1241 3869 similia
1265 3793 1295 3857 si
1314 3793 1394 3872 pia-

219 3886 300 3957 aaut,
325 3881 462 3964 adjoept
485 3886 649 3962 poterant:

333 3991 360 4049 l.
396 3985 532 4052 Omnino
555 3986 762 4070 reprobamus
786 4003 894 4050 eorum
916 3986 1137 4063 temeritatem,
1162 3985 1216 4065 qui
1231 4003 1251 4049 a
1265 3982 1392 4049 Summi

218 4072 385 4226 {ontifictils
407 4073 569 4225 Stupremis
596 4074 720 4157 judiciis
751 4073 792 4138 ad
816 4069 990 4189 (loncilium
1014 4072 1255 4138 Oecumenicum
1279 4073 1391 4154 appel·

221 4180 290 4307 arne
314 4180 359 4313 ag.
377 4180 527 4315 enDeinde
554 4264 684 4330 prorsus
716 4247 904 4312 damnamus
932 4260 1098 4329 perversas
1127 4260 1237 4313 eorum
1260 4247 1389 4312 cavilla-

155 4334 159 4343 '
219 4335 336 4416 tiones,
371 4337 437 4417 qui·
456 4336 560 4403 dicere
589 4338 709 4402 audent
741 4343 904 4401 externum
934 4337 1061 4417 quidem
1093 4336 1290 4417 obsequium,
1325 4352 1389 4400 non
