2872 4874
586 116 627 165 nr
649 115 830 166 ιιιιιοιιιιιιι.
1231 104 1292 167 201

155 255 276 325 lemnum
296 254 409 323 mem
430 260 464 322 ct
485 255 631 323 concordi
661 272 816 322 censurae
836 255 998 322 cententio
1024 260 1144 323 contra·
1158 254 1295 325 nendos
1400 317 1403 327 .

153 360 194 409 ιιι
211 348 243 411 et
263 346 431 427 apostatos
445 341 606 429 conjuges
626 342 811 427 precedunt.
847 342 936 411 Tunc
957 341 1049 410 tacite
1070 340 1134 425 fret
1158 348 1196 410 ut
1207 346 1294 427 quod

152 430 183 497 ab
192 431 335 498 omnibus
356 431 522 514 lipiecopis
537 436 648 498 sande
669 430 860 498 servandum
874 447 957 497 nova
970 428 1041 515 lege
1055 431 1292 514 praescribitur,

151 518 258 603 ingnio
280 518 424 585 Antistiti
437 517 561 586 facilius
583 519 625 585 ad
639 519 857 603 exequendum
876 517 1030 586 reddatur
1051 522 1085 585 et
1106 519 1295 604 disparitate

148 607 238 687 noxio
260 606 398 687 sublato,
421 623 504 690 quae
524 606 687 689 tuomque
701 606 918 686 intervenerit
941 607 1045 673 miuus
1059 607 1155 674 cadat
1175 607 1241 674 odii
1261 608 1295 674 in

147 693 292 798 anguium
307 693 509 777 Episcopum,
521 696 574 778 qui
590 695 722 760 seorsim
737 700 847 762 contro
861 692 1051 761 retractares
1065 694 1146 778 legis
1160 712 1294 778 poenam

143 782 251 866 nequi
269 786 406 849 tenetur.

236 868 447 936 tt'lierttum
469 886 568 971 porro
586 869 756 936 mixtomm
772 868 998 936 connubiorum
1021 886 1121 952 genus
1143 871 1293 955 conjuges

137 957 441 1113 ιιι
456 1043 899 1128 ..
922 954 1295 1113 Ειιῐιθωι

135 1132 299 1235 uniusque
327 1151 419 1199 sunus
450 1132 579 1213 prelo
570 1150 604 1197 ιιι
626 1130 691 1199 tide
711 1131 922 1199 catholicae
946 1148 973 1198 s.
995 1151 1043 1215 p.,
1074 1132 1210 1216 ideoque
1229 1133 1296 1200 dis-

134 1220 348 1301 ιιιιιιιιιίιιιιειιι
372 1220 622 1287 ecclesiasticam
649 1239 707 1302 pro
730 1219 867 1286 ineundo
890 1220 988 1285 mixto
1010 1221 1244 1287 matrimonio
1234 1239 1293 1289 ιιιι-

133 1312 260 1389 petrnut
281 1312 316 1375 et
336 1325 444 1375 coram
472 1308 599 1391 propr-lo
628 1324 685 1375 eno
714 1306 853 1391 parocho
874 1306 1029 1374 catholico
1057 1309 1294 1376 matrimonium

133 1397 188 1463 rite
210 1395 427 1477 coutrabuut3
458 1395 515 1461 sed
538 1394 750 1462 ecclesiastica
776 1394 913 1462 Pamobi
947 1394 1167 1463 benedictione
1195 1398 1294 1464 semu

134 1488 281 1568 ncepta
318 1504 349 1549 o
368 1483 544 1565 prendens
575 1483 645 1549 coia
673 1482 899 1564 fraudolenter
934 1487 968 1548 et
999 1483 1125 1562 impie
1132 1484 1291 1563 recedes,

134 1569 247 1639 iberes
269 1588 345 1637 suos
367 1571 400 1635 in
422 1570 614 1635 daemona
632 1570 697 1652 fide
719 1570 895 1651 eformonu
909 1576 1006 1651 atoue
1028 1548 1198 1637 Ecclesiae
1215 1590 1289 1639 auc·

136 1660 252 1727 karitati
275 1659 407 1739 ejusque
429 1657 623 1724 salutaribus
644 1658 824 1741 praeceptis
845 1656 992 1723 illudunt.

233 1753 268 1814 4.
301 1744 455 1829 Majomm
479 1745 616 1827 denique
640 1746 809 1812 mixtomm
832 1743 1059 1810 connubiorum
1081 1762 1261 1812 numerum
1258 1747 1292 1813 ii

144 1834 282 1919 unges
316 1834 526 1913 constituunt,
561 1834 615 1916 qui
647 1833 817 1916 impetrata
850 1833 1024 1916 apostolica
1057 1832 1293 1915 dispensatione

139 1936 237 1989 mm
256 1921 390 2004 proprio
412 1920 556 1987 Parocbo
578 1919 734 1988 catholico
755 1920 818 1987 rite
831 1919 1023 1987 metrimouii
1045 1919 1176 1986 vinculo·
1188 1921 1292 2003 Juneti

137 2004 273 2089 itemnt3
296 2026 434 2091 suaeque
455 2008 561 2091 proles
582 2009 615 2074 in
636 2008 787 2091 religione
809 2008 968 2074 catholiea
988 2005 1146 2075 efformmi
1168 2013 1290 2074 curant.

135 2091 189 2163 bed
210 2097 361 2164 muoatio
382 2095 552 2163 infantium
567 2096 600 2161 iu
621 2096 661 2162 iis
683 2094 866 2163 debetuosa
879 2094 1048 2162 admodmn
1071 2101 1121 2162 est
1142 2100 1183 2162 et·
1193 2094 1291 2162 saluti

134 2200 240 2251 comm
275 2183 370 2250 valde
399 2183 589 2267 periculosa.
645 2182 726 2250 Nam
758 2202 830 2250 oum
866 2184 900 2250 iu
936 2181 1049 2250 iisdem
1083 2182 1290 2250 matrimoniis

135 2273 244 2356 coniux
267 2277 370 2338 mater
392 2271 578 2355 plerumque
600 2271 644 2338 sit
665 2272 852 2351 acmbotico,
875 2273 925 2339 oui
947 2271 1159 2354 primordialis
1182 2272 1290 2353 utique

134 2356 301 2427 bberorum
315 2359 485 2426 iustmctio
506 2360 539 2425 iu
553 2359 711 2444 precibus,
728 2359 905 2426 dovotionis
923 2359 1088 2441 exercitiis,
1102 2359 1136 2425 iu
1150 2357 1291 2426 moribus

134 2444 313 2515 mooun
334 2446 502 2527 incumbit,
535 2447 568 2513 iu
591 2447 747 2531 ejusmodi
775 2446 900 2514 ianiliie
922 2445 1069 2530 neglecta
1098 2447 1141 2512 sit
1162 2464 1291 2512 neeesse

135 2538 178 2601 eet
200 2536 356 2619 precandi
389 2534 597 2615 consuetudo,
632 2532 809 2602 catholicae
831 2535 917 2601 vitae
947 2552 986 2600 ao
1018 2534 1183 2618 religionis·
1201 2552 1290 2600 exer·

135 2622 253 2705 citium,
276 2640 340 2705 quo
362 2620 431 2690 fieri
454 2627 580 2706 oportet
602 2629 639 2688 ut
659 2622 751 2688 liberi
772 2623 865 2688 sicuti
879 2640 988 2689 eorum
1010 2627 1167 2705 parentes·
1182 2622 1293 2689 eodem

133 2724 244 2794 copore
277 2716 312 2776 et
346 2709 486 2776 fastidio
500 2708 575 2776 fidei
605 2716 640 2776 et
670 2710 831 2794 religionis
865 2709 1085 2793 languescant.
1141 2708 1288 2786 Proinde,

134 2796 395 2879 quemadmodum
416 2815 475 2880 per
496 2795 632 2864 mecm
656 2799 777 2863 mimos
799 2797 966 2863 cathobca-
980 2795 1141 2879 juventus·
1153 2796 1291 2880 plerum·

133 2900 190 2966 que
212 2884 372 2969 Religioni
393 2884 568 2952 catholicae
595 2885 775 2950 detrahitur
797 2891 831 2952 et
853 2884 1007 2965 avellitur,
1030 2885 1078 2950 ita
1098 2902 1156 2966 per
1176 2885 1291 2949 mutri-

133 2973 238 3039 eoem
259 2973 365 3039 mixto
386 2972 531 3056 integrae
561 2971 698 3038 familiae
721 2973 816 3038 matri
845 2972 1019 3038 catholicae
1046 2971 1213 3039 Ecclesiae
1236 2971 1291 3038 ab·

134 3058 311 3127 olicuautur
332 3064 429 3142 atque
451 3060 638 3145 adplenum
652 3057 951 3126 Iudiffercntismuru
969 3058 1212 3143 probabuntun
1234 3077 1292 3141 per

134 3152 301 3231 utrumque
335 3147 470 3230 denique
502 3147 672 3230 impietatis
706 3147 843 3213 medium
880 3148 1011 3230 spiritus
1044 3148 1139 3231 hujus
1173 3145 1290 3214 saeculi

133 3250 264 3317 aequam
286 3234 463 3302 Ecclesiam
485 3235 519 3301 in
541 3235 711 3318 semetipsa
733 3234 905 3301 dissolvere
927 3241 1068 3302 conatur.
1153 3260 1157 3268 ·

683 3478 739 3546 111.

152 3566 160 3605 ι
425 3619 579 3686 liconedio
602 3618 646 3684 ud
667 3618 842 3685 arcendum
863 3617 992 3684 motum.

182 3842 185 3848 Ι
235 3759 360 3840 Urgeus
388 3759 559 3825 necessitas
590 3774 760 3841 exposcere
787 3758 927 3837 videtur,
961 3763 998 3823 ut
1027 3776 1065 3822 en
1093 3754 1125 3821 S.
1158 3752 1291 3822 concilii

134 3844 277 3913 vacinni
311 3847 456 3914 consultu
488 3847 665 3912 severiores
697 3845 867 3911 universim
896 3845 931 3910 in
962 3845 1060 3910 mixta
1088 3842 1290 3908 matrimonia

133 3931 214 4015 leges
237 3938 431 4014 statuantur,
454 3933 512 4000 sed
535 3932 752 3999 difficillimum
767 3939 826 4012 eet,
850 3937 942 4014 aptas
964 3930 1182 4012 salutaresque
1201 3929 1290 4011 leges

133 4021 171 4086 ad
184 4022 376 4093 ,coercenda
392 4021 471 4087 haec
486 4022 575 4087 male.
593 4039 778 4103 proponere,
796 4039 873 4093 ,oum
888 4018 1013 4099 malum,
1037 4018 1077 4082 de
1096 4034 1159 4099 quo
1174 4018 1289 4100 agitur,

134 4125 300 4190 pravorum
315 4108 530 4193 exemplorum
546 4108 757 4183 multitudiue,
781 4105 975 4188 suffragante
991 4105 1086 4187 impio
1109 4103 1203 4186 hujus
1220 4107 1290 4171 aevi
