2872 4874
142 346 203 406 192
641 356 809 403 cosmum

138 516 199 580 qne
222 498 312 573 desit,
335 514 399 561 non
422 496 545 571 desunt,
569 498 622 576 qui
645 502 679 559 ut
702 496 763 578 ipsi
793 495 955 558 remissius
983 512 1078 572 agere
1100 495 1224 576 possint,
1243 495 1279 560 la-

137 582 256 649 xiorem
276 587 310 649 in
325 584 374 647 his
389 585 583 648 sententiam
602 589 783 664 sequantur,
808 582 941 647 consilia
956 581 1034 646 haec
1049 583 1212 662 opinantes
1231 602 1277 647 nor

139 679 279 754 sutura,
311 674 417 752 Atque
438 689 477 743 eo
501 673 595 736 etiam
617 670 753 735 fortasse
775 687 809 733 se
832 675 971 747 tuentur,
996 672 1081 751 quod
1104 670 1280 735 statuta'rlh

128 761 232 825 -nimis
255 762 365 842 gravia
387 760 599 840 praecipiant;
634 761 737 824 sciunt
761 760 991 833 enimomnes,
1022 774 1077 821 eas
1099 757 1193 839 leges,
1215 776 1280 839 qnae

138 850 235 912 nimia
256 847 472 928 expostulant,
502 864 662 927 nunquam
694 846 865 910 observari.
911 844 1022 926 Neque
1053 847 1162 926 negari
1183 850 1277 927 potest,

138 937 264 1017 saepius
287 935 366 998 haec
390 935 581 1015 synodorum
603 938 726 998 statuta
749 933 821 1014 plus
847 934 981 1013 exigere,
1005 950 1100 1012 quam
1123 933 1279 997 executioni

138 1023 284 1088 mandari
306 1022 416 1104 possit.
462 1020 642 1086 Cavendum
664 1040 739 1103 ergo
754 1021 889 1097 videtur,
912 1020 972 1085 bac
993 1021 1026 1083 in
1049 1038 1084 1083 re
1107 1038 1146 1084 ne
1170 1021 1281 1086 consilia

139 1129 212 1177 cum
234 1110 367 1191 legibus,
391 1108 555 1173 suadenda
578 1127 650 1173 cum
673 1109 861 1173 mandandis
885 1109 1130 1173 confundantur.

247 1195 328 1261 Cum
351 1214 389 1260 ex
411 1195 460 1259 his
483 1199 585 1262 causis
614 1197 795 1278 contigerit,
826 1195 933 1259 multis
962 1196 996 1260 in
1020 1195 1213 1260 dioecesibus
1231 1203 1279 1259 str-

139 1291 212 1350 tuta
234 1284 290 1347 illa
313 1283 352 1348 de
373 1283 530 1364 frequenti
553 1285 754 1349 sacerdotum
770 1282 965 1347 confessione
987 1301 1046 1346 nec
1067 1285 1280 1348 observarinec

139 1373 179 1437 de
203 1390 242 1438 ea
263 1372 387 1453 vigilari
416 1372 468 1436 vel
495 1374 652 1437 rationem
674 1372 884 1453 expostulari,
915 1371 989 1436 hinc
1011 1389 1075 1434 non
1098 1389 1170 1435 raro
1193 1369 1235 1448 fit,
1253 1376 1279 1434 ut

140 1460 322 1525 sacerdotes
353 1460 456 1523 minus
487 1458 598 1524 fervidi
629 1461 781 1541 imprimis
811 1460 848 1535 ii,
882 1460 937 1539 qui
966 1459 1033 1521 ruri
1063 1458 1212 1540 degentes
1232 1476 1278 1522 non

138 1549 206 1613 sine
228 1548 433 1619 incommodis
458 1546 683 1612 confessarium
706 1548 794 1611 adire
810 1553 952 1627 possunt,
976 1564 1040 1610 non
1062 1546 1164 1610 solum
1188 1546 1223 1610 de
1243 1547 1281 1609 die

137 1637 172 1700 in
193 1635 276 1700 diem
299 1634 350 1698 vel
373 1634 412 1698 de
435 1634 632 1699 hebdomade
662 1637 693 1698 in
717 1634 963 1711 hebdomadem,
995 1634 1053 1697 sed
1075 1634 1116 1698 de
1138 1652 1241 1698 mense
1258 1635 1280 1696 in

140 1740 280 1786 mensem
304 1722 533 1787 confessionem
557 1721 711 1798 differant,
737 1729 769 1786 et
792 1722 876 1803 quod
899 1722 1034 1785 maxime
1050 1722 1218 1786 dolendum
1238 1726 1282 1798 est,

140 1829 204 1874 non
227 1810 355 1887 desunt,
385 1811 439 1890 qui
462 1812 489 1874 si
511 1812 608 1874 semel
622 1824 625 1833 ·
638 1810 688 1875 vel
710 1810 759 1874 bis
782 1811 816 1872 in
846 1828 929 1873 anno
954 1808 1088 1874 confessi
1112 1815 1196 1887 sunt,
1218 1808 1282 1874 obli·

134 1899 260 1980 gationi
292 1915 369 1962 suae
403 1898 593 1963 satisfecisse
621 1898 682 1962 sibi
715 1898 932 1980 gratulantur,
967 1903 1135 1961 ettamen
1167 1896 1285 1962 fortasse

141 1985 282 2066 quotidie
304 2004 420 2066 agnum
442 1985 679 2051 immaculatum
699 1991 936 2051 contrectarunt
958 1990 991 2049 et
1013 1984 1185 2049 Dominum
1206 1985 1284 2067 maje

139 2074 233 2137 statis
254 2074 288 2138 in
311 2091 364 2137 eor
386 2072 638 2139 introduxerunt.
683 2074 766 2138 Vere
789 2072 864 2137 hinc
893 2072 986 2136 multi
1007 2073 1181 2137 imbecilles
1202 2078 1233 2137 et
1249 2074 1283 2136 iu-

140 2158 224 2225 firmi
247 2168 280 2225 et
303 2160 463 2225 dormiunt
491 2162 591 2225 multi.
639 2160 717 2225 Cum
746 2160 797 2225 lex
819 2178 883 2224 non
910 2162 1020 2237 instet,
1050 2166 1087 2223 ut
1117 2163 1239 2241 saepius
1256 2176 1283 2221 se

141 2249 313 2335 ostendant
342 2247 502 2322 sacerdoti
533 2267 634 2330 neque
667 2246 790 2329 culpam
819 2266 922 2328 neque
954 2247 1184 2329 negligentiam
1213 2263 1281 2312 suan

110 2335 112 2339 ’
142 2341 317 2416 agnoscunt
340 2342 372 2399 et
395 2335 564 2399 tabescunt
585 2338 618 2400 in
640 2337 806 2416 tepiditate
829 2342 863 2398 et
884 2335 1089 2415 languoribus
1112 2336 1188 2401 suis,

247 2424 349 2487 Tanto
371 2423 457 2486 malo
472 2432 507 2486 ut
522 2429 713 2497 occurratur,
734 2424 802 2504 jam
817 2442 951 2504 magnus
966 2423 1020 2486 ille
1043 2427 1075 2485 et
1089 2423 1290 2488 zelosissimus

141 2511 175 2574 in
204 2510 344 2575 Concilio
374 2510 560 2574 Tridentino
593 2510 722 2592 praesul
757 2511 962 2575 Braearensis
992 2509 1294 2576 Bartholomaeusa

141 2599 334 2680 martyribus
355 2598 388 2659 in
410 2597 614 2678 petitionibus
636 2600 702 2662 suis
726 2599 767 2661 ad
789 2599 943 2680 synodum
957 2598 1176 2662 Tridentinam
1198 2596 1294 2680 quoad

141 2685 324 2750 sacerdotes
346 2692 379 2748 et
402 2690 602 2749 sacramenta
623 2683 715 2750 factis
738 2686 797 2749 sub
820 2685 859 2753 N.
877 2691 906 2748 2.
929 2685 1010 2750 hanc
1031 2685 1146 2750 habet:
1174 2686 1295 2765 ,Sacer-

143 2773 234 2837 dotes
264 2772 432 2852 aliquando
463 2773 669 2854 compellendi
702 2775 743 2838 ad
773 2772 996 2837 celebrandum
1030 2778 1063 2837 et
1094 2774 1136 2838 ad
1171 2772 1299 2855 singulis

141 2859 301 2924 mensibus
324 2858 564 2926 confitendum.“
590 2861 634 2926 llt
654 2862 739 2925 inter
761 2861 923 2942 postulata
952 2861 985 2924 in
1009 2859 1150 2926 Concilio
1173 2861 1297 2926 Triden-

142 2948 210 3013 tino
239 2967 258 3010 a
290 2948 448 3012 nonnullis
481 2949 627 3029 patribus
659 2967 743 3013 anno
782 2953 864 3012 1562
895 2947 932 3011 N.
969 2954 1019 3015 17.
1051 2948 1112 3013 hoc
1153 2947 1301 3015 habetur:

147 3037 247 3114 ,Item
269 3036 396 3099 videtur
417 3038 547 3115 abusus,
572 3037 657 3116 quod
679 3036 878 3101 celebrantes
901 3036 1054 3114 quotidie,
1079 3036 1155 3100 licet
1182 3034 1302 3118 peccati

142 3122 285 3188 mortalis
306 3123 369 3190 sibi
391 3141 454 3188 non
477 3125 541 3188 sint
564 3125 688 3202 conscii,
713 3142 777 3187 non
800 3121 1010 3204 confiteantur
1034 3121 1148 3187 saltem
1170 3122 1302 3206 singulis

142 3211 342 3275 Dominicis.“
369 3209 447 3293 (Cfr.
462 3212 568 3275 Vitam
583 3211 771 3275 venerabilis
786 3210 1025 3275 Bartholomaei
1047 3211 1088 3274 de
1109 3211 1305 3294 martyribus

142 3298 202 3363 hoc
224 3316 306 3362 anno
330 3317 350 3362 a
371 3297 443 3364 Joh.
463 3298 584 3364 Thomu
612 3298 757 3362 Ghilardi
787 3300 913 3375 editam,
945 3317 975 3379 p.
998 3299 1038 3365 II.
1063 3299 1208 3380 petition.
1232 3316 1302 3380 pag.

145 3391 185 3451 lo
208 3393 241 3448 ct
265 3387 342 3466 57).
388 3386 537 3450 Attamen
560 3389 644 3450 inter
666 3392 715 3451 tot
737 3387 864 3468 negotia
887 3386 936 3449 his
957 3387 1163 3467 petitionibus
1187 3387 1306 3452 directe

142 3473 302 3555 provisum
325 3491 387 3537 non
411 3478 470 3550 est,
502 3474 587 3554 quod
608 3475 718 3555 utique
744 3491 936 3555 magnopere
968 3473 1139 3537 dolendum
1168 3475 1304 3550 videtur,

142 3579 238 3642 quum
258 3561 300 3637 ob
324 3562 435 3642 synodi
455 3563 676 3626 oecumenicae
698 3562 737 3626 de
769 3562 831 3626 hac
852 3579 887 3625 re
918 3560 1079 3625 silentium
1109 3561 1161 3624 vel
1183 3565 1306 3627 statuta

142 3646 348 3729 provincialia
370 3649 598 3713 dioecesanam
620 3649 748 3715 condita
770 3667 834 3713 non
853 3649 926 3725 sint,
949 3648 999 3712 vel
1022 3649 1186 3714 multoties
1210 3652 1307 3714 robur

143 3752 236 3799 suum
259 3736 423 3816 paullatim
446 3738 619 3801 amiserint.
666 3738 768 3814 Quam
790 3736 830 3801 ob
857 3754 924 3800 rem
947 3735 1024 3799 mihi
1046 3735 1157 3816 liceat,
1181 3736 1306 3802 Beatis-

136 3822 222 3888 sime
245 3821 349 3903 Pater,
371 3823 441 3888 Tibi
464 3842 617 3904 sacroque
639 3822 779 3889 Concilio
801 3840 992 3904 proponere:
1199 3847 1201 3852 ·

249 3911 273 3973 Ι.
307 3911 352 3976 Ut
375 3930 395 3975 a
417 3913 536 3994 synodo
569 3912 723 3976 Vaticana
745 3929 815 3976 non
845 3911 948 3976 solum
979 3910 1128 3990 frequens
1151 3909 1305 3976 confessio

144 3997 362 4063 sacerdotibus
391 3994 631 4063 commehdetur
662 4007 695 4062 et
730 3999 923 4077 inculcetur,
964 3999 1021 4062 sed
1051 3999 1172 4078 apertis
1201 3999 1306 4063 verbis

50 4118 53 4123 ·
144 4086 284 4167 graviter
305 4087 519 4167 prohibeatur,
543 4105 582 4150 ne
606 4086 694 4150 ultra
716 4087 863 4150 diametra
886 4103 956 4150 eam
980 4082 1142 4163 differant,
1168 4087 1221 4150 cui
1242 4085 1304 4167 legi

144 4174 366 4238 custodiendae
387 4172 552 4255 invigilare
575 4173 816 4255 obstringuntur
838 4174 987 4253 episcopi,
1017 4176 1152 4254 quorum
1174 4174 1223 4237 uti
1246 4172 1304 4238 erit

143 4278 182 4325 ex
203 4279 303 4325 causa
324 4265 412 4342 gravi
433 4261 539 4342 legem
561 4260 738 4337 remittere,
761 4261 808 4324 ita
828 4262 891 4324 illis
907 4262 1004 4325 etiam
1020 4263 1130 4324 datum
1153 4261 1205 4338 sit,
1229 4278 1303 4341 neg·

144 4348 279 4430 ligantes
302 4359 335 4410 et
357 4355 562 4413 contumaces
585 4350 703 4445 accitu
725 4349 882 4428 corripere
905 4349 1078 4429 propositis
1098 4349 1219 4429 poenis.
