2872 4874
551 340 590 385 DE
614 339 685 385 rios
708 337 884 386 cinnomus.

571 576 879 663 OANONE'S.

711 740 733 804 1.

412 880 463 947 Dc
486 880 555 946 Deo
578 902 687 946 reram
709 880 851 945 omnium
877 878 1036 945 ornatore.

244 1025 272 1088 1.
297 1021 331 1086 Si
360 1022 430 1102 quis
461 1040 558 1085 unum
589 1039 697 1086 verum
721 1020 823 1083 Deum
846 1020 1016 1084 visibilium
1040 1027 1072 1086 et
1100 1020 1304 1086 invisibilium

133 1109 324 1176 Creatorem
347 1115 380 1174 et
402 1110 572 1175 Dominum
596 1109 776 1190 negaverit,
799 1106 969 1172 anathema
991 1109 1042 1173 sit.

242 1203 273 1264 2.
298 1196 332 1262 Si
366 1199 436 1278 quis
468 1203 597 1278 praeter
630 1197 801 1261 materiam
834 1195 912 1259 nihil
944 1213 1012 1261 esse
1048 1194 1206 1261 affirmare
1241 1212 1305 1261 non

136 1285 316 1363 erubuerit;
340 1286 512 1350 anathema
535 1285 586 1351 sit.

245 1378 273 1439 3.
297 1371 331 1438 Si
354 1374 425 1454 quis
448 1373 578 1449 dixerit,
615 1391 710 1436 unam
740 1371 937 1453 eandemque
967 1389 1037 1437 esse
1062 1372 1121 1438 Dei
1144 1378 1176 1437 et
1199 1390 1305 1438 rerum

138 1461 276 1526 omnium
299 1460 510 1526 substantiam
533 1458 583 1525 vel
606 1461 789 1536 essentiam
813 1459 984 1524 anathema
1007 1461 1057 1524 sit.

244 1554 274 1614 4.
299 1547 331 1612 Si
355 1549 426 1630 quis
450 1547 580 1626 dixerit,
605 1565 655 1611 res
679 1546 799 1625 finitas,
831 1553 898 1612 tum
922 1565 1089 1629 corporeas
1120 1554 1188 1613 tum
1212 1549 1307 1630 spiri·

140 1636 250 1717 tuales,
274 1642 331 1700 aut
353 1636 468 1701 saltem
491 1635 681 1717 spirituales,
706 1653 723 1700 c
746 1636 852 1700 divina
875 1636 1055 1700 substantia
1079 1653 1260 1712 emanasse3

243 1730 300 1788 aut
322 1724 460 1788 divinam
484 1725 654 1789 essentiam
685 1724 734 1787 sui
766 1720 1021 1788 manifestatione
1044 1724 1096 1790 vel
1127 1723 1307 1790 evolutione

146 1809 207 1876 fieri
229 1811 350 1883 omnia;
738 1847 742 1859 ·

242 1904 300 1963 aut
323 1899 459 1980 denique
483 1899 584 1964 Deum
615 1917 686 1964 esse
716 1917 772 1963 ens
802 1898 980 1963 universale
1010 1915 1067 1963 seu
1098 1896 1304 1975 indefinitum,

150 1987 222 2065 quod
254 2005 327 2052 sese
361 1987 600 2052 determinando
640 1988 814 2052 constituat
852 2005 958 2051 rerum
997 1986 1238 2052 universitatem
1273 1986 1307 2050 in

159 2091 265 2154 genera,
291 2075 413 2158 species
437 2081 469 2140 ct
491 2074 655 2139 individua
679 2076 879 2152 distinctam
903 2074 1073 2139 anathema
1096 2075 1146 2139 sit.

244 2184 274 2242 5.
298 2178 331 2243 Si
355 2180 425 2259 quis
449 2198 512 2244 non
536 2177 733 2257 confiteatur,
759 2179 919 2258 mundum,
944 2196 1059 2259 resque
1083 2196 1200 2258 omnes,
1225 2195 1308 2259 quae

153 2265 228 2332 ineo
252 2267 466 2345 continentur,
491 2272 524 2331 et
547 2267 728 2348 spirituales
752 2273 784 2332 et
800 2267 990 2345 materiales
1014 2266 1188 2331 secundum
1204 2270 1306 2330 totam

147 2371 227 2418 suam
251 2354 465 2419 substantiam
489 2374 508 2419 a
530 2356 598 2420 Deo
621 2373 658 2419 ex
681 2355 779 2420 nihilo
803 2373 873 2420 esse
895 2355 1080 2436 productam

246 2447 304 2506 aut
335 2441 438 2507 Deum
474 2444 589 2509 dixerit
626 2461 688 2508 non
725 2443 889 2507 voluntate
926 2444 965 2507 ab
998 2445 1083 2506 omni
1118 2442 1307 2507 necessitate

144 2529 250 2609 libera,
284 2529 429 2595 sedtum
452 2533 631 2597 necessario
655 2549 797 2611 creasse,
829 2548 924 2610 quarn
947 2531 1125 2596 necessario
1150 2534 1236 2595 amat
1258 2546 1308 2594 so-

140 2636 260 2700 rpsum;

243 2711 302 2770 aut
324 2705 476 2770 mundum
507 2706 548 2771 ad
572 2708 631 2771 Dei
665 2706 797 2788 gloriam
832 2705 994 2772 conditum
1025 2723 1094 2770 csse
1125 2704 1306 2788 negaverit3

135 2793 311 2858 anathema
334 2793 385 2858 sit.

701 2900 827 2998 H„

588 3073 639 3138 Dc
661 3074 860 3139 revelatione.

250 3220 278 3278 1.
302 3215 334 3280 Si
358 3215 429 3295 quis
453 3215 584 3293 dixerit,
616 3214 718 3278 lleum
741 3232 838 3277 unum
861 3217 893 3278 et
915 3231 1040 3289 verum,
1065 3210 1252 3278 Creatorem
1275 3215 1309 3275 et

135 3302 309 3366 Dominum
331 3307 484 3380 nostrum,
507 3321 564 3383 per
588 3321 641 3379 ea,
674 3320 755 3382 quae
778 3299 862 3364 facta
885 3306 974 3379 sunt,
1010 3300 1149 3364 naturali
1172 3299 1306 3364 rationis

135 3390 297 3454 humanae
319 3389 439 3454 lumine
462 3394 550 3456 certo
574 3389 718 3469 cognosci
741 3407 804 3452 non
827 3406 937 3471 posse;
969 3387 1141 3452 anathema
1164 3387 1215 3452 sit.

247 3481 276 3540 2.
301 3476 334 3543 Si
356 3478 427 3559 quis
450 3479 580 3556 dixerit,
606 3475 672 3540 fieri
695 3493 757 3540 non
780 3493 888 3558 posse,
913 3481 1054 3540 autnon
1078 3476 1243 3556 expedire,
1272 3478 1309 3538 ut

135 3583 197 3647 per
219 3565 448 3631 revelationem
471 3567 608 3632 divinus
631 3565 723 3629 homo
747 3564 787 3628 de
810 3563 887 3645 Deo,
912 3562 1061 3644 cultuque
1085 3563 1114 3628 ei
1130 3560 1306 3627 exhibendo

134 3653 328 3730 edoceatur3
364 3653 533 3718 anathema
557 3653 608 3719 sit.

249 3745 277 3804 3.
302 3740 335 3806 si
349 3742 420 3821 quis
436 3741 558 3820 dixemt,
574 3739 733 3804 hominem
748 3738 790 3803 ad
807 3739 1016 3821 cognitionem
1029 3743 1062 3803 et
1073 3736 1308 3821 perfectionem,

133 3846 222 3909 quae
238 3828 418 3893 naturalem
433 3835 571 3909 superet,
596 3828 747 3893 divinitus
764 3827 854 3891 evehi
870 3845 933 3891 non
949 3844 1051 3908 posse,
1076 3826 1132 3891 sed
1148 3843 1186 3890 ex
1202 3825 1307 3905 seipso
1351 3838 1356 3848 ·

136 3916 181 3981 ad
204 3916 306 3981 omnis
330 3917 459 3982 tandem
482 3917 549 3980 veri
572 3921 605 3981 et
627 3916 703 3981 boni
724 3915 956 3996 possessionem
979 3915 1049 3997 jugi
1071 3912 1215 3997 profectu
1237 3929 1309 3994 per-

134 4004 267 4085 tingere
289 4021 384 4084 posse
407 4009 440 4069 et
462 4003 595 4081 debere3
620 4001 789 4067 anathema
811 4003 862 4068 sit.

246 4094 278 4156 4.
303 4089 336 4156 Si
358 4092 428 4173 quis
452 4110 563 4157 sacrae
586 4090 771 4172 Scripturas
792 4090 891 4154 libros
913 4091 1054 4171 integros
1076 4107 1147 4155 cum
1164 4086 1309 4151 omnibus

135 4177 206 4242 suis
229 4178 389 4260 partibus,
413 4183 507 4260 prout
529 4178 601 4244 illos
625 4186 739 4244 sancta
761 4178 948 4242 Tridentina
971 4176 1114 4260 Synodus
1137 4174 1308 4255 recensuit,

136 4284 198 4348 pro
221 4265 321 4331 sacris
345 4271 378 4331 ct
401 4267 558 4333 canonicis
588 4284 652 4332 non
681 4268 867 4348 susceperit,
903 4270 959 4330 aut
991 4283 1045 4330 eos
1080 4262 1231 4330 divinitus
1262 4264 1311 4327 in-

135 4353 281 4436 spiratos
305 4371 375 4419 csse
397 4355 575 4438 negaverit
599 4355 770 4419 anathema
792 4355 844 4418 sit.
