2872 4874
221 342 262 400 46
497 351 616 398 senam
640 349 883 398 consummarem
906 348 1096 396 noeururcrn

220 500 328 559 contra
351 491 549 556 manifestam
566 489 624 553 Dei
646 488 750 570 legem
766 486 933 568 affirmant,
958 507 1067 553 omncs
1089 488 1231 556 homines
1253 509 1291 554 ex
1313 489 1387 570 lege

220 586 352 646 naturae
374 579 421 644 ita
443 577 591 660 aequales
611 577 736 658 Juribus
752 593 831 654 esse,
856 581 893 640 ut
915 582 983 644 tum
998 577 1123 658 priuata
1145 579 1384 659 possessionum

219 669 396 751 proprietas
425 670 493 731 tum
516 664 580 730 alia
611 665 740 744 quaevis
768 666 862 728 unius
894 682 971 744 prae
1004 664 1132 745 reliquis
1162 666 1389 746 praerogativa

219 758 339 837 injusta
361 754 484 820 censeri
507 760 538 816 et
561 753 707 834 abrogari
732 752 855 817 debeat.

325 843 389 906 Alii
412 847 516 906 autem
549 839 663 904 falsam
695 839 794 905 civilis
827 841 986 904 societatis
1015 841 1153 920 speciem
1183 839 1389 905 aetermam

206 931 324 1027 ,auimo
347 949 404 994 suo
435 927 622 1010 effingentes
645 931 764 992 statum
785 927 956 1009 politicum,
991 946 1083 1008 quem
1106 933 1229 1006 vocant,
1265 931 1394 993 consti*

219 1023 313 1082 tuunt
336 1016 455 1082 iontem
479 1017 579 1081 omnis
611 1017 695 1080 inter
717 1015 859 1080 homines
883 1016 1081 1080 auctoritatis
1108 1017 1272 1096 omnisque
1290 1017 1386 1098 juris,

219 1110 323 1171 itaut
353 1105 527 1170 abeodem
559 1107 648 1168 statu
670 1103 799 1184 politico
828 1103 958 1182 eiusque
980 1102 1049 1185 lege
1073 1113 1141 1167 tum
1168 1106 1220 1185 jus
1243 1106 1388 1186 proprie-

219 1195 296 1258 tatis
318 1193 462 1274 priuatae
494 1193 586 1256 unice
610 1191 755 1270 derivari,
789 1197 857 1265 tum
881 1191 1068 1255 societatem*
1091 1192 1297 1256 domesticam
1327 1210 1391 1257 seu-

219 1280 368 1345 fumiliam
396 1298 472 1344 suae
504 1279 689 1344 existentiae
719 1284 819 1343 totam
847 1279 1002 1343 rationem
1032 1281 1181 1357 mutuari,
1215 1281 1391 1361 omniaque

219 1374 387 1450 parentum
409 1369 443 1431 in
465 1365 546 1431 filios
566 1366 639 1447 jura
662 1366 826 1431 dimanare
849 1385 885 1431 ac
908 1367 1045 1447 pendere
1068 1366 1234 1446 affirment,
1259 1373 1329 1432 tum
1351 1369 1387 1432 in

221 1458 288 1538 epus
311 1456 382 1536 lege
412 1454 463 1519 vel
485 1456 517 1519 in
544 1455 673 1536 majoris
695 1455 817 1518 numeri
847 1455 960 1518 civium
983 1454 1108 1535 placitis
1136 1460 1167 1519 et
1189 1455 1222 1518 iu
1244 1455 1386 1538 publica,

220 1554 257 1608 ut
281 1542 399 1622 dicunt,
424 1543 570 1623 opinione
585 1543 722 1624 positam
746 1560 815 1608 csse
829 1541 928 1606 velint
950 1560 1129 1623 supremam
1144 1560 1287 1607 normam
1313 1558 1392 1608 con·

220 1632 371 1696 scientiae
394 1637 426 1695 et
448 1628 625 1695 officiorum
648 1649 705 1710 pro
729 1629 863 1710 publicis
886 1637 918 1694 et
942 1626 1108 1694 ¹socialibus
1136 1631 1202 1694 sive
1225 1631 1387 1711 imperan-

220 1722 299 1784 tium
323 1719 389 1783 sive
411 1718 608 1782 subditorum
630 1719 814 1783 actionibus.
850 1717 932 1795 Quin
948 1723 980 1782 et
1002 1737 1040 1782 eo
1056 1735 1155 1799 usque
1176 1738 1240 1782 non
1262 1737 1385 1800 paucos

219 1824 404 1888 progressos
427 1824 495 1871 esse
519 1805 670 1886 videmus,
693 1812 731 1870 ut
753 1804 923 1870 fortunatis
946 1807 1111 1871 eventibus
1140 1807 1202 1869 uim
1222 1808 1306 1888 juris
1329 1808 1388 1871 tri·

220 1897 355 1960 buentes
380 1894 518 1958 audeant
541 1893 655 1973 dicere,
679 1894 710 1958 id
727 1894 811 1974 quod
835 1911 873 1957 ex
895 1893 966 1975 lege
982 1894 1092 1958 morali
1117 1901 1202 1978 essct
1217 1895 1381 1976 injustum,

117 2003 125 2013 ·
220 1983 247 2046 si
269 1982 391 2048 felicem
414 1982 531 2046 habeat
553 1980 681 2062 exitum,
705 2000 743 2046 eo
766 1983 834 2063 ipso
858 1983 889 2045 in
912 1981 1044 2063 publicis
1068 1983 1162 2046 rebus
1186 2000 1222 2045 ac
1247 1984 1378 2065 negotiis

221 2090 258 2134 cx
286 2070 356 2151 iege
378 2069 506 2151 politica
536 2070 658 2150 justum
682 2071 817 2134 evadere
846 2075 879 2134 et
907 2069 1081 2149 honestum,
1119 2071 1210 2150 quasi
1232 2088 1309 2136 vero
1330 2070 1380 2134 lex

221 2158 349 2223 irroralis
373 2158 413 2222 ad
438 2156 568 2222 sociales
591 2162 625 2221 et
639 2156 784 2238 politicos
807 2165 898 2221 actus
921 2174 1100 2237 nonaeque
1124 2175 1162 2222 ac
1183 2157 1225 2221 ad
1239 2159 1382 2240 privatos

220 2265 290 2311 sese
312 2247 497 2328 porrigeret.
529 2244 672 2309 Athaco
694 2244 850 2310 humanae
873 2244 1038 2326 superbiae
1062 2244 1211 2327 figmenta
1234 2260 1296 2310 nou
1320 2245 1381 2310 alio

220 2336 362 2413 tendunt,
397 2351 490 2413 quarn
514 2339 549 2395 ut
577 2332 841 2397 incommutabilis
870 2333 1020 2397 sanctitas
1049 2337 1083 2396 et
1108 2333 1236 2415 justitia
1259 2334 1384 2399 aeterni

222 2423 279 2486 Dei
304 2419 465 2485 auferatur
487 2438 507 2483 a
528 2420 747 2485 recordatione
769 2418 905 2485 filiorum
927 2420 1097 2496 homiuum,
1126 2421 1159 2484 iu
1182 2438 1290 2485 corum
1315 2423 1383 2486 aui·

222 2511 280 2574 uris
304 2525 415 2574 sensus
448 2509 652 2589 extinguatur
682 2509 817 2590 justici
840 2508 958 2590 injusti,
993 2512 1026 2572 ct
1047 2506 1206 2572 inficiatur
1232 2513 1320 2573 terra
1343 2509 1385 2573 ab

221 2595 452 2660 habitatoribus
475 2596 549 2675 suis,
574 2597 647 2676 quia
669 2597 867 2678 transgressi·
883 2602 958 2661 suunt
978 2595 1076 2676 leges,
1100 2599 1301 2662 mutaverunt
1321 2598 1383 2679 jus,

182 2761 185 2768 ‚
222 2684 452 2764 dissipaverunt
474 2682 583 2747 foedus
606 2685 842 2764 sempiternum.
855 2683 879 2766 ¹)
1089 2709 1091 2713 ¹

326 2769 445 2836 Contra
467 2771 647 2853 hujusmodi
670 2789 804 2851 errores,
829 2773 883 2853 qui
907 2771 1004 2839 etiam
1026 2772 1111 2835 iuter
1133 2770 1304 2835 catholicos
1327 2789 1386 2852 po·

221 2859 311 2940 pulos
334 2877 461 2940 serpere
484 2865 663 2940 coeperunt,
691 2860 835 2925 omnibus
856 2859 888 2923 iu
918 2864 1055 2923 mentem
1085 2858 1294 2923 revocandam
1318 2865 1384 2923 sta-

219 2947 337 3012 tuimus
360 2947 535 3014 doctrinam
559 2947 756 3028 catholicam,
781 2953 817 3012 ut
840 2966 877 3011 ca
899 2948 1026 3028 integra
1049 2953 1082 3010 et
1104 2945 1255 3010 inuiolata
1279 2952 1384 3011 custo·

222 3034 337 3099 diatur.
394 3035 551 3100 Doccmus
574 3035 679 3117 igitm,
716 3035 799 3116 quod
830 3036 871 3100 ab
895 3034 1047 3118 Apostolo
1076 3035 1229 3098 traditum
1259 3051 1387 3115 semper

220 3123 328 3188 docuit
350 3121 503 3202 Ecclesia,
537 3141 660 3186 omnem
688 3121 861 3202 legitimam
890 3127 1092 3204 potestatem,
1128 3121 1261 3201 ideoque
1286 3123 1384 3186 etiam

221 3209 353 3290 civilem,
377 3210 479 3275 Deum
504 3210 621 3284 habere
641 3216 815 3278 auctorem.
877 3209 1004 3290 „Omnis
1027 3210 1141 3288 anima,
1167 3209 1276 3273 scribit
1299 3209 1384 3290 Apo-

221 3299 332 3378 stolus,
345 3299 372 3381 a)
407 3299 618 3379 potestatibus
641 3298 876 3363 sublimioribus
904 3297 1032 3363 subdita
1055 3299 1106 3377 sit,
1141 3316 1203 3361 nou
1227 3304 1276 3362 eet
1300 3299 1387 3361 enim

219 3391 362 3468 potestas
385 3387 445 3451 nisi
469 3406 488 3449 a
511 3387 588 3465 Deo,
612 3404 693 3468 quae
715 3393 823 3452 autem
845 3391 929 3464 suut,
953 3404 973 3450 a
994 3386 1061 3450 Deo
1084 3385 1250 3450 ordinatae
1273 3389 1380 3461 sunt;“

221 3480 255 3538 et
277 3493 314 3538 cx
338 3474 479 3556 ejusdem
502 3474 645 3557 Apostoli
673 3476 839 3552 sententia,
876 3474 930 3556 qui
952 3472 1032 3538 hauc
1062 3477 1256 3554 potestatem
1286 3478 1384 3553 tenet,

221 3561 282 3626 Dei
304 3563 447 3626 minister
469 3567 519 3627 est
542 3564 608 3626 sive
630 3564 755 3629 bouum,
769 3562 955 3627 iacientibus
978 3562 1011 3627 in
1026 3563 1152 3639 bonum,
1178 3561 1242 3624 sive
1265 3560 1384 3624 malurn

221 3650 389 3731 agentibus
411 3650 526 3715 vindex
548 3651 580 3714 in
594 3651 718 3734 iram,³)
743 3655 838 3733 atque
860 3650 932 3715 idco
948 3649 1148 3714 subditorum
1171 3647 1384 3712 obedientiam

219 3741 292 3822 jure
314 3756 372 3803 suo
393 3738 545 3820 postulat.
602 3735 701 3803 Nemo
732 3739 839 3819 itaque
865 3738 978 3803 docere
1003 3737 1128 3818 audeat,
1162 3736 1283 3800 licitum
1311 3753 1385 3800 esse

220 3827 293 3891 huic
315 3826 477 3906 legitimae
499 3827 652 3909 potestati
674 3827 706 3891 vi
728 3827 887 3907 resistere,
912 3831 968 3891 aut
989 3844 1047 3909 per
1062 3822 1284 3890 detestandum
1308 3822 1385 3888 iaci-

220 3933 280 3980 uus
303 3932 372 3979 eam
396 3914 667 3998 conjurationibus
690 3933 728 3980 ao
749 3914 921 3980 rebellione
944 3918 1099 3992 evertere,
1124 3911 1178 3991 qui
1201 3910 1283 3974 enim
1307 3912 1390 3975 resi-

221 4002 277 4068 stit
299 4004 462 4085 potestati,
479 4003 538 4068 Dei
560 4003 752 4069 ordinationi
773 4002 908 4080 resistit3
931 4002 1115 4082 qui-autem
1138 3999 1304 4075 resistunt,
1323 3999 1385 4079 ipsi

224 4090 285 4155 sibi
308 4090 543 4156 damnationem
567 4091 779 4173 acqmrunt.⁴)

220 4233 430 4242 ——---—-·--.--«

328 4300 353 4440 3
369 4301 412 4424 gf.
432 4300 586 4424 stllllllssg.
607 4304 630 4356 5.
705 4302 727 4367 ²)
745 4299 822 4354 Rom.
843 4299 916 4351 XIII.
937 4304 959 4351 l.
1035 4297 1057 4385 ³)
1077 4295 1116 4350 uf.
1136 4297 1170 4350 ib.
1189 4310 1258 4348 vers.
1279 4297 1302 4346 3.
1323 4299 1375 4347 ts

396 4387 446 4425 om,
535 4411 540 4422 .
580 4407 586 4422 .
799 4404 804 4416 ,
1421 4400 1428 4415 ,
