2872 4874
501 349 541 396 mu
565 347 745 398 mmcmumu.
1152 337 1212 396 169

80 488 346 570 multiplicarentur,
368 493 405 553 ut
426 487 532 554 nullae
551 488 619 571 jam
643 493 788 553 extarent
810 507 984 570 pauperum
1006 489 1214 553 necessitates

15 576 19 589 “
80 583 104 641 ct
120 577 260 656 miseriae,
284 576 398 658 quibus
428 576 629 642 abundanter
652 595 672 640 a
695 575 852 642 charitate
874 576 1030 642 catholica
1054 595 1116 641 nom
1140 576 1213 642 sub·

464 1049 497 1130 2.
537 1045 806 1131 Posuumuuu

10 1225 12 1229 ’
96 1204 281 1285 colunum
304 1204 585 1272 COMPLURIUM
607 1203 907 1271 EPISCCPORUM
930 1205 1181 1271 GERMANIAE

123 1304 341 1379 DESIDERIA
362 1311 395 1380 S.
419 1309 618 1378 CONCILIO
641 1309 921 1376 OECUMENICO
944 1310 1156 1377 VATICANO

10 1416 21 1456 '·‘
487 1414 781 1481 PROPONENDA.

623 1610 648 1674 1.

158 1731 239 1810 Quia
270 1750 362 1796 omme
395 1750 505 1796 verum
541 1738 574 1797 et
607 1733 762 1797 sincerum
796 1730 987 1796 reformandi
1022 1732 1162 1797 studium
1198 1751 1217 1797 a

15 1836 18 1841 ·
85 1819 220 1901 semetipso
254 1818 455 1885 reformando
491 1819 614 1900 incipit,
653 1825 728 1884 ante
763 1820 869 1883 omnia
902 1818 964 1884 alia
992 1821 1144 1901 petimus,
1181 1826 1218 1885 ut

87 1901 105 1967 l.
118 1905 252 1988 Synodus
275 1919 340 1972 tam
364 1906 539 1988 Episcopis,
564 1925 659 1987 quam
683 1907 827 1972 ommibus
844 1905 975 1970 Clerieis
999 1926 1044 1986 ea,
1068 1926 1150 1989 quae
1174 1908 1216 1973 ad

89 1992 150 2058 uiam
171 2001 300 2061 sanctae
334 2013 410 2060 suae
434 1996 591 2058 vocationi
614 2013 786 2077 congruam
816 1999 848 2057 et
871 1994 912 2059 ad
934 1995 1073 2059 muueris
1097 1996 1145 2059 sui
1168 1995 1214 2060 of·

91 2075 129 2146 fin'a
146 2084 332 2165 gravissima
362 2080 500 2147 fideliter
525 2082 684 2164 implenda
707 2086 864 2163 spectant,
896 2083 977 2147 serio
1000 2082 1150 2161 inculcet,
1183 2084 1216 2147 im

87 2171 156 2247 maie
184 2176 223 2235 ut
247 2169 413 2253 Episcopis
440 2175 473 2234 et
496 2169 719 2235 Sacerdotibus
754 2170 972 2234 exercitiorum
1005 2169 1216 2251 spiritualium

85 2269 133 2322 mos
151 2258 285 2340 siugulis
307 2258 358 2322 uel
381 2259 462 2322 bimis
494 2260 584 2322 amnis
607 2257 807 2339 repetendus,
837 2275 894 2322 uec
917 2276 979 2322 mom
1003 2256 1215 2323 conferentiae

10 2394 12 2399 .
78 2346 227 2425 ,morales
262 2345 394 2427 siugulis
428 2345 478 2410 vel
511 2346 643 2410 alternis
677 2346 835 2410 mensibus
869 2345 1084 2409 instituendae
1120 2353 1215 2426 atque

10 2510 12 2515 Ι
82 2427 126 2495 dtu
142 2433 327 2500 clericorum
357 2434 528 2498 communis
558 2434 648 2498 enixe
672 2432 936 2512 commendentur,
970 2439 1006 2497 ut
1029 2438 1135 2498 certae
1165 2452 1216 2497 re-

80 2517 147 2595 gulae
179 2523 264 2587 circa
297 2521 497 2586 sacerdotum
536 2540 606 2586 cum
641 2520 823 2586 mulieribus
858 2521 1139 2599 cohabitationem,
1173 2520 1213 2586 de

10 2650 14 2657 -
79 2611 204 2689 campomis
235 2608 277 2673 ab
311 2608 425 2673 iisdem
455 2609 599 2687 vitandis,
634 2609 673 2673 de
707 2609 911 2689 dispositione
946 2626 1041 2690 super
1061 2609 1153 2674 bonis
1177 2626 1217 2674 ex

78 2686 204 2762 beneficio
227 2695 279 2761 vel
302 2693 405 2761 officio
421 2696 633 2762 ecclesiastico
649 2696 906 2777 provenientibus
922 2698 1031 2761 dehita
1045 2702 1112 2760 tam
1134 2697 1218 2762 inter

76 2778 142 2848 vium
155 2802 251 2865 quam
268 2785 379 2849 mortis
395 2803 497 2863 causa,
521 2785 560 2848 de
577 2783 768 2865 obligatione
790 2784 921 2863 parochi
938 2785 1021 2849 circa
1036 2783 1217 2849 scholarum

73 2871 100 2930 ct
115 2888 283 2954 pauperum
307 2890 416 2936 curam
440 2873 542 2936 denuo
566 2871 754 2935 deliniantur
776 2879 810 2934 et
832 2873 1103 2950 praescribantur.

158 2958 238 3024 Cum
261 2959 380 3024 multae
408 2958 568 3024 dioeceses
598 2966 663 3024 tam
686 2958 810 3040 amplae
835 2959 978 3038 existant,
1008 2965 1044 3023 ut
1068 2959 1215 3040 Episcopi

70 3039 146 3110 officii
167 3049 217 3113 sui
237 3053 347 3128 partes
370 3048 466 3112 etiam
483 3048 684 3128 gravissimas
707 3048 832 3111 ommino
854 3046 985 3127 implere
1000 3064 1064 3110 uon
1078 3046 1216 3125 valeant,

69 3135 198 3215 petimus,
221 3143 258 3199 nt
280 3136 457 3216 ubicumque
481 3133 549 3198 fieri
571 3135 720 3216 potuerit,
748 3135 906 3198 dioeceses
930 3135 1044 3198 nimiae
1068 3134 1217 3216 amplitu-

66 3211 136 3287 diuis
157 3242 216 3304 per
238 3241 351 3288 novam
382 3223 702 3304 circumscriptionem
724 3223 769 3286 ita
791 3221 1027 3299 imminuantur,
1063 3228 1217 3304 quatenus

67 3296 203 3393 Episcopi
226 3311 372 3376 omnihus
387 3310 437 3374 sui
460 3308 554 3376 officii
577 3310 731 3391 partibus,
750 3309 864 3374 saltem
879 3310 1033 3391 gravioris
1056 3311 1216 3388 momenti,

62 3398 115 3468 1lsi
135 3397 322 3464 satisfacere
348 3399 478 3479 possint.

611 3589 650 3653 Il.

159 3729 242 3808 Quia
264 3735 346 3795 teste
368 3730 399 3795 S.
422 3729 562 3796 Concilio
578 3728 761 3793 Tridentino
784 3727 815 3794 S.
841 3734 893 3793 24.
917 3730 956 3793 de
979 3727 1035 3793 ref.
1060 3747 1086 3793 c.
1113 3732 1142 3793 2.
1167 3745 1218 3790 eu-

49 3814 208 3897 parientia
230 3817 337 3896 docet,
370 3824 501 3900 propter
529 3816 776 3898 prohibitionum
799 3817 1034 3881 multitudinem
1058 3814 1218 3879 multoties

44 3900 236 3970 messibus
258 3904 426 3986 prohibitis
450 3907 634 3988 ignoranter
649 3903 794 3968 contrahi
815 3905 1026 3982 matrimonia,
1050 3904 1083 3967 in
1105 3901 1218 3982 quibus

48 3991 107 4056 vel
128 4012 190 4057 mom
214 3993 283 4057 sime
312 4012 428 4076 magno
452 3992 601 4058 scandalo
625 3997 860 4072 perseveratur,
890 3992 941 4056 uel
964 4009 1043 4071 quae
1066 4008 1129 4054 non
1152 3990 1219 4053 siue

44 4080 167 4145 eodem
191 4080 390 4158 dirimuntur,
404 4083 471 4163 jam
488 4079 663 4144 Concilium
678 4079 895 4144 Lateranemse
917 4079 972 4144 ΠΙ.
998 4084 1030 4142 et
1046 4075 1218 4142 Concilium

43 4148 275 4233 Tridentimum
299 4169 491 4232 matrimonii
514 4167 739 4248 impedimenta
762 4168 889 4231 diversa
911 4167 1117 4247 abrogarunt.
1154 4164 1219 4228 Ho-

50 4245 165 4320 diemo
195 4261 303 4320 autem
333 4263 487 4338 tempore,
523 4273 584 4337 quo
613 4255 679 4336 jam
709 4254 852 4335 plurimis
875 4253 953 4316 locis
976 4252 1218 4329 matrimonium,

48 4343 141 4422 quod
160 4347 276 4409 vocant
305 4343 409 4422 civile,
441 4342 608 4425 perleges
631 4341 738 4406 civiles
771 4341 1003 4424 praescriptum
1026 4349 1089 4418 est,
1124 4347 1219 4420 atque
