2872 4874
217 303 259 362 42
501 312 620 360 seusun
642 311 886 360 eousrrrurrours
909 311 1102 359 nocuarrcan
1173 274 1180 284 ’

217 455 335 519 bantur
374 451 553 531 effectibus,
589 453 663 532 quia
696 452 730 516 iu
751 449 847 516 aene
879 451 1062 532 Apostolica
1097 449 1300 515 immaculata
1336 456 1388 517 est

216 560 343 624 semper
367 540 522 605 catholica
545 545 670 604 servata
684 538 806 619 religio,
830 542 863 603 et
879 544 992 605 sancta
1006 538 1170 605 celebrata
1186 537 1386 617 doctrinan:

219 631 298 709 hinc,
314 647 405 694 sacro
422 627 620 709 approbante
636 625 782 706 Concilio,
799 626 947 692 docemus
962 631 995 691 et
1008 632 1160 707 tanquam
1176 625 1250 691 fidei
1266 625 1387 707 dogma

217 715 394 795 definimus,
417 734 475 797 per
498 714 634 792 diurnam
656 714 871 779 assistentiam
893 714 970 793 fieri,
994 718 1031 778 ut
1052 714 1214 779 Romanus
1230 712 1387 795 Pontifex,

217 806 271 871 cui
292 805 324 868 in
348 820 486 885 persona
506 802 592 867 beati
607 801 696 866 Petri
719 801 839 867 dictum
863 807 912 867 est
928 803 968 866 ab
985 802 1097 868 eodem
1113 802 1246 868 Domino
1263 800 1388 866 Nostro

220 895 297 959 Jesu
320 890 463 956 Christo:
491 889 579 972 ,Ego
603 908 659 970 pro
682 895 716 955 te
738 890 856 971 rogavi,
880 894 918 954 ut
939 907 1003 955 non
1018 888 1145 955 deficiat
1160 889 1238 954 fides
1254 894 1344 968 tua“,
1358 891 1389 968 2.)

220 999 291 1055 cum
315 978 453 1060 supremi
481 979 617 1043 omarum
641 977 894 1045 Christianorum
917 977 1063 1042 DoctorIs
1091 995 1220 1047 munero
1249 976 1389 1059 fungens

220 1087 279 1150 pro
303 1068 494 1132 auctoritate
517 1062 650 1145 delinit,¹
676 1065 752 1146 ouid
773 1066 805 1132 in
829 1065 923 1130 robus
954 1063 1027 1129 fidei
1051 1071 1085 1130 et
1107 1084 1229 1131 morum
1253 1065 1294 1130 ab
1318 1067 1389 1129 uni-

218 1172 315 1221 versa
329 1153 475 1221 Ecclesia
496 1152 667 1218 tenendum
691 1154 741 1231 sit,
764 1171 873 1218 errare
887 1171 951 1218 uon
965 1153 1081 1235 possit3
1105 1159 1138 1217 et
1153 1153 1236 1218 hanc
1250 1152 1390 1217 Romani

220 1238 389 1327 Pontificis'
403 1243 599 1307 inerrantiae
621 1252 677 1306 seu
700 1239 934 1306 infallibilitatis
957 1242 1212 1323 praerogativam
1237 1241 1278 1305 ad
1301 1240 1389 1305 idem

218 1332 378 1412 obiectum
409 1330 544 1410 porrigi,
576 1329 617 1394 ad
646 1330 730 1411 quod
760 1328 967 1395 infallibilitas
998 1327 1164 1394 Ecclesiae
1194 1327 1388 1394 extenditur.

218 1417 255 1482 si
277 1419 347 1499 quis
370 1422 478 1481 autem
499 1416 572 1482 huic
588 1418 720 1482 Nostrae
743 1415 919 1481 definitioni
942 1417 1160 1482 contradicere
1181 1416 1282 1500 (quod
1298 1415 1390 1487 Dens

218 1506 358 1589 avertat)
381 1505 646 1587 praesumpserit,
677 1505 758 1570 sclat
785 1521 819 1568 se
847 1522 866 1569 a
888 1505 1024 1569 veritate
1054 1502 1127 1569 fidei
1156 1504 1331 1569 catholicae
1355 1509 1391 1569 et

220 1594 263 1659 ab
286 1595 409 1659 unitate
431 1592 595 1659 Ecclesiae
619 1591 786 1658 defecisse.»

690 1800 827 1866 curuo
851 1801 920 1866 ru.
945 1758 976 1844 ·'

447 1942 498 2009 Dc
521 1942 690 2022 temporali
715 1942 852 2007 Sanctae
875 1941 969 2007 Sedis
991 1941 1152 2007 Donatum.

326 2082 372 2148 Ut
395 2089 502 2148 autem
518 2083 678 2148 Romanus
696 2081 842 2147 Pontifex
857 2084 1012 2164 primatus
1034 2082 1094 2146 sibi
1110 2081 1261 2146 dlvinitus
1280 2081 1386 2147 collati

221 2189 348 2252 munus,
372 2172 420 2234 uti
442 2189 502 2253 par
524 2175 588 2252 est,
612 2169 815 2251 adimpleret,
844 2171 883 2234 iis
905 2170 1069 2252 indigebat
1090 2170 1277 2251 praesidiis,
1306 2170 1387 2252 quae

219 2265 400 2341 temporum
423 2258 595 2324 conditioni
609 2264 642 2322 et
656 2257 839 2322 necessitati
862 2261 1080 2340 congruerent.
1126 2257 1219 2322 Unde
1235 2257 1390 2340 singulari

219 2347 345 2412 diurnae
367 2345 585 2428 providentiae
600 2345 737 2410 'consilio
752 2344 873 2409 factum
889 2349 945 2425 est,
968 2346 1051 2410 utin
1067 2349 1158 2410 tanta
1174 2344 1385 2410 saecularium

219 2434 396 2516 principum
424 2433 625 2498 multitudine
656 2437 687 2498 et
714 2433 885 2512 varietate,
917 2434 1060 2498 Romana
1087 2439 1225 2515 quoquc
1243 2432 1388 2500 Ecclesia

219 2521 429 2603 temporalem
463 2519 709 2585 dominationem
744 2520 893 2588 haberet:
939 2539 1000 2602 quo
1035 2522 1194 2586 Romanus
1229 2520 1384 2595 Pontifex,

222 2626 362 2674 summus
384 2609 483 2673 totius
499 2607 661 2674 Ecclesiae
681 2614 802 2692 pastor,
826 2608 905 2673 nulli
927 2608 1062 2691 principi
1084 2609 1254 2693 subjectus,
1278 2627 1389 2690 supre-

222 2715 307 2761 mam
331 2696 470 2761 universi
491 2696 639 2761 dominici
661 2697 765 2779 gregis
799 2697 949 2780 pascendi
977 2697 1169 2779 regendique
1196 2701 1389 2779 potestatem

221 2784 508 2866 auctoritatemque
532 2786 571 2849 ab
594 2785 662 2866 ipso
687 2783 812 2848 Christo
837 2784 970 2849 Domino
993 2790 1157 2864 acceptam
1184 2803 1241 2867 per
1264 2785 1389 2849 univer-

219 2890 292 2937 sum
321 2873 429 2937 orbem
460 2871 645 2953 plenissima
679 2872 829 2939 libertate
864 2890 1029 2952 exercere,
1066 2891 1103 2937 ac
1136 2872 1231 2938 simul
1265 2871 1387 2937 facilius

219 2960 357 3025 divinam
380 2960 563 3042 religionem
585 2961 688 3041 magis
709 2961 742 3024 in
765 2961 832 3024 dies
855 2978 985 3042 augere,
1022 2965 1066 3040 et,
1098 2977 1179 3041 quae
1213 2978 1271 3041 pro
1295 2978 1329 3023 re
1351 2978 1390 3049 ac

220 3057 363 3128 tempore
394 3047 435 3112 ad
464 3049 617 3130 majorem
647 3049 745 3112 totius
773 3047 962 3112 christianae
989 3046 1184 3131 reipublicae
1216 3047 1389 3113 utilitatem

219 3135 468 3218 pertinere'ipse
491 3142 702 3218 cognosceret,
726 3133 884 3200 efficacius
902 3153 1057 3217 peragere
1079 3142 1195 3217 posset.

330 3221 410 3287 Cum
431 3242 506 3288 vero
529 3223 618 3304 impii
640 3222 796 3303 homines,
827 3224 881 3305 qui
903 3242 1002 3304 omne,
1018 3223 1049 3287 in
1072 3225 1167 3288 terris
1189 3224 1244 3304 jus
1267 3226 1392 3286 mutare

221 3315 386 3388 conantur,
410 3311 493 3376 huuc
516 3310 638 3376 ciuilem
654 3310 789 3376 Sanctae
804 3310 966 3375 Romanae
981 3309 1142 3376 Ecclesiae
1162 3311 1385 3394 principatum,

223 3397 256 3461 in
277 3398 324 3462 rei
355 3399 546 3463 christianae
566 3398 697 3463 'bonum
731 3404 763 3464 ct
792 3398 962 3463 utilitatem
996 3398 1191 3480 ordinatum,
1227 3402 1259 3462 et
1287 3398 1327 3462 ab
1352 3416 1391 3461 ea

223 3485 367 3550 omnibus
387 3487 469 3569 juris
492 3486 595 3552 titulis
610 3485 750 3567 legitime
766 3491 816 3565 tot
830 3485 1030 3554 saeculorum
1045 3486 1181 3552 decursu
1196 3503 1387 3568 possessum,

218 3573 334 3655 quovis
357 3574 542 3640 insidiarum
569 3579 601 3638 et
622 3573 843 3638 violentiarum
877 3592 992 3656 genere
1022 3573 1216 3640 labefactare
1247 3591 1285 3637 ac
1315 3591 1389 3638 con·

220 3659 340 3727 vellere
363 3661 561 3727 adnitantur:
586 3680 677 3727 sacro
700 3663 896 3744 approbante
920 3659 1061 3727 Concilio
1084 3662 1272 3728 innovantes
1295 3660 1391 3742 hujus

223 3748 425 3831 Apostolicae
459 3749 549 3815 Sedis
583 3767 620 3814 ac
650 3750 910 3830 praecedentium
948 3749 1160 3816 Consiliorum
1192 3748 1312 3833 judicia
1353 3767 1392 3814 ac

223 3837 364 3917 decreta,
393 3837 578 3902 damnamus
601 3842 696 3920 atque
717 3838 943 3919 proscribimus
971 3842 1039 3905 tum
1062 3856 1170 3904 eorum
1194 3830 1391 3902 haereticam

220 3924 413 4004 doctrinam,
446 3926 500 4006 qui
522 3922 698 4004 affirmant,
730 3944 909 4008 repugnare
928 3925 992 4005 juri
1016 3926 1137 4006 divino,
1169 3929 1206 3990 ut
1229 3942 1299 3990 cum
1325 3927 1390 4004 spi-

221 4012 330 4079 rituali
362 4018 522 4095 potestate
557 4014 589 4077 in
626 4012 777 4078 Romams
816 4011 1020 4079 Pontificibus
1055 4014 1252 4095 principatus
1288 4011 1391 4077 civilis

224 4137 276 4144 ..ς--
283 4137 434 4145 -—--—

331 4186 351 4252 ι)
368 4184 413 4238 Ex
431 4184 549 4240 formula
568 4185 594 4240 S.
613 4186 776 4240 Hormisdae
798 4186 890 4254 Papae
919 4187 1078 4254 subscripta
1103 4202 1120 4240 a
1144 4185 1273 4239 Patribus
1303 4184 1395 4240 Cone.

220 4253 333 4308 Oscum.
354 4255 428 4310 VIII.
447 4255 652 4325 constantinop.
671 4257 720 4314 IV.

331 4324 353 4394 ²)
372 4326 437 4381 Luc.
456 4327 542 4382 XIIII.
562 4330 604 4382 32.
