2872 4874
463 308 502 354 nn
525 308 668 355 nccnnsm
693 307 819 355 cnmsrr.
1178 299 1215 358 ιι

53 466 172 514 summo
195 455 336 530 pastore.
384 447 471 512 Haec
492 454 542 513 est
566 447 738 512 catholicae
760 449 904 513 veritatis
928 449 1090 528 doctrina,
1113 470 1133 514 a
1157 470 1220 532 qua

19 544 24 553 '
55 536 179 601 deviare
203 535 296 600 salva
318 533 382 600 lide
397 540 494 615 atque
510 535 613 600 salute
629 553 721 600 nemo
745 541 862 617 potest.
909 535 1017 613 Quare
1033 537 1223 603 damnamus

56 629 145 705 atque
167 625 380 705 reprobamus
402 640 510 687 eornm
533 624 723 693 sententias
759 625 812 703 qni
836 643 856 686 a
879 624 939 688 lide
966 625 1164 690 discedentes
1187 635 1221 692 et

10 712 256 833 attendentes
277 711 442 793 spiritibus
464 728 580 775 erroris
599 696 777 793 bragam,
809 712 963 792 primatus
985 730 1026 794 po
1027 718 1176 777 testatem
1200 734 1220 779 ι

10 776 180 864 Christo
196 800 334 864 Domino
349 798 478 864 fuisse
469 817 501 862 ιι
525 799 600 864 beat
587 805 620 862 ιο
636 798 695 863 Pet
681 804 731 864 tro
754 800 800 864 ita
815 800 1002 878 institutam
1026 806 1061 862 ut
1083 802 1219 866 eundem

10 848 15 957 i
59 892 196 970 oporteat
220 888 425 968 perpetuos
417 905 449 950 m
466 886 582 951 collata
597 886 659 951 sibi
675 888 829 968 primatus
847 893 1005 969 potestate
1019 905 1220 955 successores

59 975 185 1049 habere;
222 981 282 1039 aut
304 972 481 1052 affirmant,
516 975 729 1039 Romanorum
753 974 940 1039 Pontificum
968 975 1219 1057 jurisdictionem

60 1063 245 1127 ordinariam
268 1067 302 1127 et
325 1062 538 1126 immediatam
562 1081 625 1127 non
648 1081 717 1127 esse
741 1070 807 1127 tam
830 1065 863 1127 in
879 1080 987 1128 omnes
1007 1062 1101 1127 simul
1124 1083 1219 1146 qnam

61 1151 87 1214 in
106 1150 251 1233 singulas
267 1168 410 1215 seorsum
425 1151 664 1231 particularium
679 1156 844 1231 pastorum
860 1150 1024 1216 ecclesias:
1050 1154 1219 1217 autetiam

10 1306 12 1325 Ι
62 1239 257 1316 contendunt
283 1236 378 1302 licere
394 1237 435 1302 ab
448 1238 572 1317 judiciis
589 1238 803 1303 Romanorum
819 1236 1007 1304 Pontificum
1022 1240 1063 1303 ad
1079 1239 1219 1304 futurum

10 1330 13 1397 l
61 1325 199 1408 generale
224 1323 401 1391 Concilium
423 1331 575 1406 tanquam
599 1326 639 1390 acl
663 1328 882 1391 auctoritatem
906 1328 1046 1391 Romano
1069 1327 1151 1393 Pont
1152 1328 1226 1392 ilice

61 1417 247 1496 superiorem
270 1412 442 1495 appellare

10 1538 12 1589 l
153 1503 204 1566 Ex
227 1502 287 1565 hac
311 1519 352 1566 au
354 1508 419 1565 tem
441 1519 604 1583 suprema.
642 1502 801 1565 ordinaria
828 1510 859 1566 ιι
890 1503 1163 1567 immediatatum

61 1587 228 1654 Ecclesiam
253 1590 473 1668 universalem,
498 1598 566 1653 tum
582 1591 613 1654 in
637 1607 745 1654 omnes
770 1595 807 1653 ιι
818 1590 964 1741 tsingulos
980 1505 1222 1671 particularium

10 1675 270 1742 Ecclesiamm
304 1683 450 1758 pastores
485 1684 519 1740 et
506 1676 658 1741 tfideles
693 1683 851 1778 potesate
834 1678 1111 1778 eJ'urisdictionis
1147 1698 1220 1744 con-

62 1766 210 1866 sequitur,
234 1764 380 1830 Romano
404 1765 548 1830 Pontifici
569 1768 781 1830 necessarium
800 1767 853 1846 jus
877 1784 960 1843 esse,
994 1768 1024 1829 in
1054 1766 1147 1846 hujus
1170 1768 1220 1831 sui

63 1854 189 1918 muneris
214 1853 367 1917 exercitio
390 1853 488 1918 libere
512 1854 761 1919 communicandi
790 1873 861 1917 cum
889 1860 962 1933 past
948 1855 1068 1918 toribus
1092 1861 1125 1918 ιι
1148 1873 1219 1935 gre-

65 1941 137 2019 gibus
161 1941 268 2006 totius
291 1940 467 2018 Ecclesiae,
503 1948 539 2005 ut
566 1941 659 2004 iidem
688 1941 729 2004 ab
757 1942 825 2021 ipso
848 1942 879 2005 in
903 1943 955 2005 via
978 1941 1088 2005 salutis
1113 1941 1219 2006 doceri

69 2047 95 2093 ιι
109 2030 177 2112 regi
202 2031 338 2112 possint.
384 2029 490 2107 Quare
513 2029 701 2093 damnamus
724 2048 761 2093 ac
789 2030 995 2110 reprobamus
1023 2030 1218 2110 perniciosas

72 2114 171 2182 dorum
199 2117 386 2195 sententias,
411 2117 464 2197 qui
486 2115 568 2180 hanc
590 2118 729 2197 supremi
752 2117 864 2198 capitis
888 2135 956 2181 cum
979 2116 1162 2198 pastoribus
1186 2123 1219 2180 et

68 2205 201 2286 ucgibus
225 2205 542 2271 communicationem
574 2204 808 2285 impediendam
838 2205 963 2282 dicunt,
997 2210 1052 2269 aut
1086 2206 1218 2269 eandem

65 2292 189 2359 reddunt
212 2292 370 2358 saecudari
394 2293 545 2374 potestati
568 2293 749 2370 obnoxiam,
773 2293 877 2356 itaut
901 2293 1105 2372 contendant,
1137 2311 1218 2373 quae

63 2379 95 2444 ab
115 2381 300 2463 apostolica
322 2378 403 2445 Sede
437 2381 488 2445 vel
516 2379 584 2459 ejus
611 2381 800 2445 auctoritate
831 2380 872 2444 ad
894 2380 1034 2461 regimen
1057 2379 1218 2445 Ecclesiae

62 2471 299 2547 constituuntur,
323 2467 386 2533 vim
410 2486 447 2533 ac
468 2467 608 2532 valorem
631 2487 694 2532 nou
717 2467 850 2547 habere,
875 2468 935 2533 nisi
957 2469 1126 2550 potestatis
1150 2487 1229 2534 sae--

62 2557 168 2621 celans
190 2556 311 2639 placito
334 2555 566 2622 confirmentur.

436 2730 573 2796 CAPUT
596 2729 840 2795 ADDENDUM

287 2889 424 2938 uncanro
447 2889 487 2935 ιι
510 2888 632 2936 nouam
656 2887 822 2935 rourrmms
846 2889 985 2935 ιιιιιιιιι.

89 3008 279 3077 ‘Romanum
302 3010 488 3092 Pontificem
510 3011 546 3074 ιίι
568 3011 662 3075 retas
682 3011 759 3091 fidei
782 3014 811 3076 et
834 3029 957 3074 unorum
980 3011 1175 3091 defirrsieadc's

475 3136 587 3181 errare
608 3137 674 3180 ιιι
690 3136 797 3196 posse.

159 3254 275 3323 Sancta
301 3256 443 3322 Ιιοιιιιι
466 3255 610 3322 Ecclesia
638 3273 795 3321 summum
825 3261 858 3321 ιι
886 3256 1014 3336 plenum
1045 3257 1225 3336 primatum

60 3343 320 3425 etprincipatum
266 3362 439 3427 tunsuper
462 3346 640 3409 universam
665 3343 839 3409 Ecclesiam
864 3350 916 3408 cat
902 3343 1051 3409 tholicam
1083 3343 1215 3424 obtinet,

60 3446 146 3508 quern
168 3444 203 3496 ιι
225 3433 297 3497 ab
289 3450 358 3514 ipso
382 3433 547 3497 Domino
539 3451 572 3496 ιι
594 3431 689 3497 beato
709 3432 765 3497 Pet
753 3438 802 3497 tro
819 3430 1042 3512 Apostolorum
1065 3432 1217 3513 principe

60 3517 142 3600 cujus
156 3519 316 3585 Romanus
333 3518 544 3586 Pontifext
494 3526 544 3585 est
560 3537 731 3600 successor,
748 3538 817 3583 cum
834 3527 889 3601 pot
876 3520 984 3584 testat'
976 3537 1002 3584 rs
1023 3518 1122 3600 plenit
1109 3519 1217 3583 tudine

57 3607 210 3687 recepisse
240 3609 398 3675 veraciter
433 3613 466 3673 et
495 3607 655 3672 humiliter
690 3609 897 3689 recognoscit.
954 3605 997 3672 Et
1028 3608 1109 3672 sicut
1140 3625 1226 3687 prae·

58 3695 186 3759 caeteris
216 3699 343 3761 tenetur
366 3693 440 3761 fidei
463 3697 629 3760 veritatem
652 3694 833 3777 defendere,
868 3696 913 3760 sic
943 3701 975 3760 et
1008 3694 1035 3760 si
1064 3712 1145 3775 qnae
1177 3695 1216 3758 de

56 3778 113 3848 fide
135 3782 288 3849 subortae
310 3782 429 3849 luerint
450 3785 662 3865 quaestiones
687 3801 744 3848 suo
768 3783 884 3848 debent
903 3781 1019 3863 judicio
1043 3780 1176 3847 definiri.
1191 3781 1222 3864 ²)

35 3867 95 3934 ιΕι
122 3870 198 3951 quia
231 3889 296 3936 non
330 3877 437 3954 potest
459 3872 585 3938 Domini
618 3871 718 3936 nostri
749 3869 826 3935 lesu
854 3870 972 3939 Christi
1006 3869 1219 3952 praetermitti

53 3958 210 4024 sententia
232 3958 384 4025 dicentis:
419 3960 486 4040 „Tu
509 3978 543 4025 es
565 3959 679 4024 Petrus
703 3964 735 4023 ct
758 3976 854 4040 super
877 3958 959 4025 hanc
982 3965 1106 4041 petram
1129 3957 1217 4021 aedi·

51 4042 149 4112 ficabo
174 4045 351 4112 Ecclesiam
373 4051 509 4128 meam“‚
523 4049 548 4129 ³)
578 4047 655 4111 haec
677 4065 758 4128 quae
782 4047 866 4111 dicta
889 4051 988 4126 sunt,·
1010 4064 1113 4110 rerum
1146 4062 1218 4126 pro-

53 4154 267 4162 *φῇ

157 4185 166 4214 J
389 4187 395 4200 .

156 4186 180 4324 ²J)
197 4184 251 4308 ἓξ
263 4186 433 4322 ἐιοῗέιὲιῗι
451 4187 609 4311 iiYieiledita
628 4272 644 4309 ι
656 4255 771 4310 Graecis
789 4257 819 4309 in
831 4256 911 4310 (lonc.
925 4256 1034 4310 Oecum.
1048 4255 1171 4320 Lugdun.
1183 4254 1217 4306 [l.

157 4331 179 4394 ³)
199 4326 303 4383 Matth.
322 4327 394 4381 XVI.
415 4330 455 4382 18.
