2872 4874
463 334 504 380 ns
527 332 669 382 eccrtssm
693 332 821 381 cunrsrr.
1177 304 1220 381 35

53 496 90 542 ac
118 494 251 559 prorsus
284 474 470 539 invisibilem
502 470 580 537 fieri.
627 474 767 538 Aeterna
798 474 951 554 siquidem
974 473 1033 538 Dei
1065 475 1221 557 sapientia

56 585 91 630 ac
113 567 217 629 virtus
240 563 354 642 voluit,
389 561 606 644 spiritualibus
637 567 670 625 et
692 561 903 626 invisibilibus
925 561 1070 641 vinculis,
1106 562 1221 642 quibus

56 653 165 718 fideles
187 669 337 734 supremo
361 668 400 715 ac
415 649 529 714 visibili
543 647 708 714 Ecclesiae
724 649 820 731 capiti
835 668 892 730 per
906 647 1057 731 Spiritum
1074 655 1220 715 sanctum

11 802 17 811 .
58 740 241 819 adbaerent,
265 745 395 803 externa
418 754 542 818 quoque
565 756 603 802 ac
618 736 755 801 visibilia
771 737 971 818 respondere,
994 743 1032 801 ut
1048 738 1220 818 spiritualis

59 829 158 895 illaac
174 825 428 908 supernaturalis
445 826 581 890 societas
599 825 792 889 extrinsecus
808 829 986 906 appareret,
1004 831 1037 889 et
1052 826 1219 906 conspicua

61 922 245 997 patesceret.
292 914 376 978 Hinc
391 913 513 977 visibile
532 913 759 993 allagisterium,
785 931 805 977 a
828 930 890 993 quo
907 912 1065 977 credenda
1087 914 1220 977 interius

62 1005 256 1084 extentisque
270 1000 450 1083 profitenda
464 999 542 1064 fides
558 1006 582 1067 ¹l
597 1000 722 1081 publice
735 1000 936 1081 proponitur3
958 1000 1081 1065 visibile
1095 1018 1220 1081 quoque

62 1093 280 1169 ministerium,
304 1090 388 1170 quod
410 1087 544 1154 visibilia
568 1088 627 1152 Dei
651 1089 815 1169 mysteria,
840 1089 953 1169 quibus
976 1089 1108 1154 interior
1129 1106 1220 1154 sanc·

63 1180 188 1244 tilicatio
209 1178 391 1243 bominibus
414 1183 446 1240 et
470 1176 596 1240 debitus
620 1178 687 1241 Deo
711 1176 816 1239 cultus
839 1182 1056 1258 comparatur,
1089 1195 1220 1241 munere

63 1268 179 1349 publico
202 1265 388 1331 moderatur
410 1282 447 1329 sc
470 1270 575 1341 curat3
598 1263 719 1328 visibile
735 1265 885 1346 regimen,
909 1264 993 1345 quod
1008 1265 1220 1330 membrorum

63 1358 135 1419 inter
157 1372 193 1419 se
209 1354 461 1419 communionem
477 1353 611 1430 ordinat,
636 1356 860 1432 externamque
875 1370 1000 1417 onmem
1015 1359 1047 1417 et
1062 1352 1220 1434 publicam

64 1444 192 1508 fidelium
216 1442 248 1507 iu
272 1440 415 1505 Ecclesia
444 1440 542 1505 vitam
566 1439 703 1520 disponit
731 1458 769 1504 ae
791 1440 913 1521 dirigit3
947 1440 1071 1505 visibile
1094 1440 1219 1507 demum

64 1537 154 1596 totum
178 1529 344 1594 Ecclesiae
367 1546 496 1609 corpus,
531 1528 573 1592 ad
595 1527 678 1608 quod
701 1545 764 1592 non
793 1526 870 1607 justi
898 1533 1022 1592 tantum
1051 1535 1108 1593 aut
1129 1547 1221 1609 prae

65 1619 207 1684 destinati
230 1618 407 1699 pertinent,
441 1616 497 1680 sed
525 1617 624 1681 etlam
654 1621 854 1697 peccatores,
890 1614 1084 1696 professione
1114 1623 1221 1680 tamen

65 1707 124 1772 idei
147 1712 180 1771 et
205 1704 426 1772 communione
450 1722 521 1768 cum
545 1721 582 1768 eo
608 1703 776 1784 conjunct.
823 1702 943 1780 Quibus
965 1702 1011 1783 fit,
1043 1709 1079 1769 ut
1102 1702 1221 1768 Christi

67 1794 198 1860 Ecclesia
221 1797 255 1857 iu
278 1794 373 1858 terris
395 1810 453 1856 nec
475 1790 640 1856 invisibilis
668 1809 728 1856 nec
754 1791 856 1856 lateus
885 1792 940 1869 sit3
976 1792 1090 1856 sedin
1122 1793 1220 1857 inani·

68 1882 223 1948 testatione
245 1881 398 1963 positast)
420 1879 520 1945 veluti
543 1880 655 1944 civitas
679 1879 801 1944 excelsa
825 1886 857 1943 et
872 1879 1005 1943 illustris
1024 1879 1057 1943 in
1072 1882 1221 1963 menter)

10 1986 12 1999 ·
72 1988 134 2050 quae
149 1969 305 2034 abscondi
321 1986 384 2033 non
399 1971 514 2049 potest,
534 1985 572 2032 ac
586 1966 685 2031 veluti
699 1966 829 2032 lucerna
845 1985 940 2048 super
954 1966 1187 2047 candelabrum,
1193 1969 1221 2051 ⁴)

76 2075 132 2136 quse
154 2058 226 2124 sole
253 2057 398 2137 justitiae
427 2055 619 2134 illuminata,
654 2056 806 2120 mnndum
837 2057 1018 2120 universum
1048 2055 1117 2120 luce
1144 2073 1222 2120 suae

10 2188 12 2231 q
78 2146 193 2211 ments
217 2144 372 2211 illustrat.

538 2317 675 2383 cnPUT
700 2318 736 2384 V.

368 2457 419 2523 Dc
440 2458 561 2523 risibili
583 2458 750 2523 Ecclesiae
772 2459 905 2525 almitate.
1004 2493 1009 2503 ·

157 2598 239 2666 Cum
263 2597 416 2677 ejusmodi
440 2598 481 2662 sit
503 2615 580 2662 vcra
595 2596 713 2663 Christi
728 2596 883 2678 Ecclesia,
908 2599 1115 2679 declaramus,
1138 2600 1221 2665 hanc

63 2686 208 2752 risibilem
229 2685 495 2767 conspicuamque
514 2687 698 2751 societatem
722 2703 792 2750 esse
819 2685 907 2751 illam
927 2687 1027 2768 ipsam
1044 2689 1220 2752 divinarum

62 2775 298 2853 promissionum
316 2771 360 2838 'ac
383 2773 868 2853 misericordiarumEcclesiam,
893 2774 1148 2854 quemchristus
1172 2782 1220 2841 tot

61 2863 286 2943 praerogativis
309 2880 347 2926 ac
369 2860 541 2943 privilegiis
558 2861 751 2942 distinguere
775 2867 808 2926 et
831 2880 984 2927 exornare
1006 2864 1123 2944 voluit3
1148 2883 1220 2928 eau-

62 2950 188 3032 demqne
210 2951 259 3015 ita
281 2948 376 3031 plane
399 2948 432 3014 in
454 2967 513 3014 sua
538 2949 762 3015 constitutione
791 2966 860 3014 esse
890 2951 1149 3030 determinatam,
1184 2957 1221 3015 ut

61 3055 270 3120 quaecumque
293 3037 464 3103 societates
488 3055 507 3101 a
529 3035 602 3102 fidei
624 3039 748 3102 unitate
770 3038 821 3101 vel
844 3055 863 3100 a
886 3040 1102 3104 communione
1125 3039 1219 3122 hujus

62 3127 195 3207 corporis
226 3125 389 3206 seiunctae
420 3124 507 3189 nullo
540 3125 634 3189 modo
668 3144 743 3208 pars
774 3124 841 3204 ejus
869 3131 925 3189 aut
954 3126 1130 3191 membrum
1158 3128 1220 3192 dici

62 3214 192 3292 possint3
231 3232 334 3295 neque
367 3231 425 3295 per
459 3213 564 3277 varias
600 3212 765 3279 christiani
799 3213 933 3277 nominis
970 3215 1219 3280 consociationes

62 3300 230 3382 dispersam
254 3307 350 3383 atque
374 3299 530 3380 diffusam,
555 3302 611 3365 sed
634 3304 736 3365 totam
751 3301 784 3365 in
800 3318 834 3364 se
851 3300 1015 3365 collectam
1031 3303 1220 3383 penitusque

63 3388 286 3465 cohaerentem,
309 3390 342 3453 in
365 3407 423 3454 sua
446 3389 615 3471 conspicua
637 3389 760 3454 unitate
783 3388 952 3453 indivisum
972 3407 1009 3454 ac
1031 3389 1220 3455 indivisibile

62 3494 167 3558 eorpus
189 3475 362 3560 praeferre
387 3476 471 3558 quod
494 3483 542 3542 cst
566 3479 668 3558 ipsum
693 3494 805 3557 corpus
828 3477 992 3558 mysticum
1010 3474 1137 3543 Christi.
1172 3478 1220 3543 De

61 3581 117 3644 quo
144 3564 316 3648 Apostolus
347 3565 462 3646 inquit,
495 3583 592 3628 unum
624 3581 754 3645 corpus,
790 3568 823 3628 et
849 3581 931 3628 unus
961 3565 1105 3646 spiritus,
1137 3566 1220 3630 sicut

61 3654 158 3717 vocati
184 3653 263 3718 estis
292 3652 325 3715 in
360 3670 423 3717 nna
458 3669 513 3733 spe
545 3652 717 3717 vocationis
752 3656 886 3718 vestrae.
936 3651 1026 3717 Unus
1055 3653 1219 3732 Dominus

60 3757 120 3804 nna
140 3739 229 3821 fides,
253 3757 350 3804 unum
372 3741 543 3821 baptisma.
589 3739 680 3804 Unus
703 3739 789 3804 Deus
812 3744 844 3804 et
866 3739 963 3805 Pater
986 3742 1141 3820 omnium,
1165 3743 1220 3822 qui

60 3832 106 3891 est
128 3845 223 3911 super
246 3844 364 3907 omnes,
389 3832 422 3892 et
444 3846 502 3908 per
524 3829 629 3892 omnia
650 3833 684 3892 et
704 3829 737 3892 in
760 3828 905 3893 omnibus
927 3828 1064 3912 nobis.⁵)

58 3952 266 3962 —-—--....——-

163 4006 172 4036 ¹
205 4000 245 4056 Oi.
264 4016 308 4070 ep.
327 4000 361 4056 sd
379 4002 457 4058 Rom.
476 4000 510 4055 X.
531 4005 572 4059 10.

162 4075 172 4106 ⁹
204 4071 231 4127 S.
248 4073 395 4140 Angustia.
413 4074 440 4126 iu
459 4071 504 4126 Pe,
523 4071 624 4125 XVIII.
643 4077 764 4127 enarrat.
784 4071 819 4126 11.
838 4089 864 4130 n.
884 4075 908 4129 6.
928 4072 989 4127 coll.
1007 4072 1041 4127 de
1059 4073 1129 4128 uuit.
1142 4073 1219 4132 Eccl.
1297 4106 1300 4111 ·

30 4196 35 4204 ,
59 4140 75 4193 l.
92 4158 134 4196 un.
153 4158 177 4197 c.
199 4144 240 4199 16.
258 4159 284 4196 n.
302 4146 355 4208 40,
375 4159 434 4197 con.
453 4141 582 4196 crescon.
600 4142 739 4199 Donatist.
758 4144 775 4196 l.
797 4143 831 4200 ΙΙ.
851 4159 873 4200 c.
894 4145 935 4197 36.
954 4159 980 4199 n.
998 4146 1056 4211 45„
1089 4160 1147 4198 con.
1166 4144 1221 4202 litt.

60 4210 133 4265 Pctil.
151 4213 171 4269 l.
191 4212 226 4265 11.
246 4227 268 4266 c.
287 4214 329 4266 32.
348 4230 373 4270 n.
394 4216 435 4266 74.
455 4229 478 4268 c.
498 4215 557 4266 104.
577 4229 603 4265 n.
621 4216 682 4269 239.

163 4285 186 4349 3)
204 4282 228 4335 S.
249 4282 342 4351 Cyrill.
361 4283 431 4337 alex.
451 4298 517 4334 rom.
537 4283 562 4335 in
582 4283 619 4338 Is.
634 4283 656 4356 Ι1.
677 4283 725 4334 III.
745 4299 766 4335 c.
787 4286 828 4336 25.
848 4300 873 4338 n.
892 4286 917 4334 4.

165 4352 189 4420 ⁴)
207 4352 246 4405 ct,
265 4353 360 4406 Marcu.
380 4354 409 4406 V.
432 4359 472 4410 lb.
583 4355 603 4420 ⁵)
622 4353 674 4420 Ep.
695 4353 729 4406 ad
747 4352 850 4420 Ephes.
870 4352 915 4406 IV.
934 4354 1011 4406 4-6.
1106 4406 1108 4410 .

1059 4440 1090 4493 3*

1283 4406 1368 4568 Ι
