2872 4874
431 297 469 367 ns
492 321 589 369 nasus
613 319 800 368 noonrrrors.

432 600 466 680 5.
494 596 799 680 residuarum

88 770 414 843 ARCHIEPISCOPI
436 772 750 839 MECHLINENSIS
775 773 833 838 AD
855 771 1035 838 EANDEM
1056 771 1148 838 REM

509 876 731 946 SPECTANS.

608 1040 632 1102 Ι.

145 1169 172 1228 1.
195 1161 341 1227 Ecclesia
362 1179 424 1227 non
447 1161 591 1243 procedit
613 1162 655 1226 ad
678 1159 890 1226 definitionem
914 1161 1107 1243 dogmatum,
1140 1164 1202 1230 nisi

48 1251 161 1332 quando
184 1252 338 1315 veritates
360 1248 521 1315 revelatae
545 1255 711 1330 negantur,
742 1252 853 1315 autin
877 1250 1008 1316 dubium
1030 1259 1199 1332 vocantur3

10 1410 13 1419 ‚
49 1357 98 1404 nec
111 1337 234 1404 devenit
255 1338 299 1402 ad
327 1336 619 1403 condemnationem
642 1355 785 1402 errorum
809 1338 862 1419 qui
885 1335 959 1404 fidei
981 1340 1200 1420 adversantur,

51 1427 102 1491 uisi
123 1426 246 1508 qnando
272 1425 451 1506 hujusmodi
474 1423 637 1490 doctrinae
660 1425 698 1490 cle
718 1426 805 1504 facto
829 1425 1083 1494 disseminantur.

82 1574 86 1582 .
142 1537 171 1598 2.
195 1531 257 1597 Sed
279 1533 314 1597 in
336 1531 386 1597 his
409 1532 535 1597 casibus
557 1550 620 1598 non
642 1538 727 1596 tacet
752 1531 903 1611 Ecclesia,
924 1533 1016 1614 juxta
1032 1532 1202 1615 Augustini

55 1616 166 1684 effatum
204 1619 314 1700 ,Quae
336 1627 411 1685 sunt
433 1625 543 1684 contra
566 1617 668 1696 fidem,
700 1619 751 1683 vel
774 1621 889 1683 bonam
912 1622 1020 1700 vitam,
1057 1620 1202 1688 Ecclesia

56 1724 104 1771 nou
123 1709 290 1790 approbat,
313 1726 372 1773 uec
393 1712 507 1774 tacet.“
557 1708 629 1791 (dd.
654 1708 721 1788 lnq.
745 1708 811 1772 lan.
835 1707 872 1773 L.
901 1712 950 1771 12.
974 1727 1005 1772 n.
1030 1709 1101 1791 75.)

10 1852 12 1857 ·
143 1818 170 1878 3.
194 1812 266 1878 Non
288 1812 387 1894 igitur
409 1814 553 1894 quaestio
576 1814 694 1878 moveri
716 1817 831 1893 potest,
865 1831 907 1877 an
930 1813 1027 1878 sitin
1051 1831 1202 1894 praesen-

61 1901 152 1967 tiarum
175 1907 355 1982 opportuna
387 1901 608 1966 condemnatio
637 1919 789 1966 novarum
812 1900 1020 1982 quarumdam
1043 1902 1202 1966 doctrina·

64 2006 110 2053 run
135 2006 218 2070 quoe
240 1989 324 2054 circa
356 1987 593 2054 fundamentum
616 1990 779 2071 regiminis
810 2008 830 2054 a
853 1988 979 2054 Christo
1002 1990 1034 2052 in
1060 1988 1202 2053 Ecclesia

69 2079 200 2142 restituti
222 2075 316 2142 hodie
338 2077 564 2157 praedicantur
587 2095 684 2157 super
707 2082 835 2155 tecta,¹)
860 2096 929 2142 curn
952 2076 1031 2140 haec
1054 2076 1202 2142 condem·

67 2165 126 2230 atio
146 2183 211 2231 non
239 2169 416 2246 opportuna
446 2170 579 2242 tantum,
611 2165 668 2230 sed
690 2167 816 2230 omnino
846 2165 1026 2230 necessaria
1052 2164 1200 2230 eraserit.

67 2250 160 2328 ,Error
182 2253 303 2334 quippe
326 2254 377 2317 cui
398 2271 461 2317 non
485 2253 654 2330 resistitur,
678 2253 881 2334 approbatur,
912 2259 945 2318 et
967 2254 1108 2330 veritas,
1129 2271 1201 2317 curn

63 2340 314 2493 ffidelenditm
338 2342 554 2422 opprimitur.“
604 2338 712 2423 (Corp.
741 2340 821 2421 juris
844 2339 921 2405 Can.
951 2341 1032 2406 Ilist.
1057 2344 1109 2419 83,
1133 2358 1201 2422 cap.

105 2430 161 2515 or.)

142 2543 173 2600 4.
196 2535 425 2600 Necessitatem
448 2533 543 2615 thus
565 2535 833 2600 condemnationis
855 2535 1046 2600 luculentius
1063 2535 1201 2600 adstruit

61 2619 111 2701 ipsa
124 2623 240 2706 agendi
262 2623 345 2688 ratio
361 2641 470 2690 eorum
493 2623 546 2703 qui
561 2622 721 2688 doctrinas
745 2623 825 2688 istas
840 2628 1036 2706 spargentes,
1060 2623 1201 2689 solemne

60 2705 135 2793 lujus
155 2710 188 2777 S.
212 2713 434 2777 oecumenicae
457 2709 575 2792 Synodi
597 2711 637 2775 de
659 2711 698 2776 iis
718 2711 868 2791 judicium
892 2717 1053 2793 expetunt.
1086 2711 1202 2778 Procul

60 2795 137 2876 igitur
158 2799 253 2865 dubio
274 2799 423 2880 jndioium
448 2798 580 2880 petitum
602 2797 792 2880 proferetur.

146 2910 175 2970 5.
207 2902 288 2969 (lum
311 2921 386 2969 vero
413 2903 579 2969 deforma
609 2904 702 2985 hujus
734 2905 845 2987 judicii
868 2905 931 2969 alia
962 2910 1058 2986 atque
1082 2905 1146 2969 alia
1163 2905 1202 2969 »in

59 2985 177 3059 Concilio
199 2993 334 3075 proponi
356 2993 487 3074 possint,
526 2995 750 3059 examinabunt
772 2992 883 3058 Patres
917 3011 958 3056 an
981 3011 1019 3056 ea
1047 3011 1128 3073 qnae
1151 3010 1203 3057 se·

58 3087 187 3161 mooun,
223 3088 256 3147 et
285 3099 368 3162 quae
396 3102 435 3146 etc
465 3081 614 3147 Decretis
641 3081 902 3163 praecedentium
934 3081 1203 3145 oecumenicorum

59 3164 264 3247 molieram,
289 3175 323 3234 et
344 3188 383 3234 ex
405 3169 510 3235 verbis
528 3168 734 3235 &redimam
752 3168 840 3234 Cleri
855 3167 1010 3250 pollicear
1032 3169 1203 3249 praecipue

57 3263 188 3339 excerpta
209 3263 295 3338 sunt,
318 3258 402 3322 hunc
425 3258 457 3321 in
480 3255 574 3322 finem
597 3258 669 3322 usui
692 3275 763 3323 esse
786 3256 923 3321 valeant.

600 3451 639 3516 11.

149 3579 176 3637 1.
209 3573 244 3638 Si
266 3574 336 3655 quis
361 3573 476 3638 dixerit
500 3580 610 3639 eontra
633 3571 765 3638 Concilii
780 3572 955 3638 Florentini
979 3568 1203 3649 definitionem,

60 3651 188 3725 Sanctam
212 3662 420 3744 apostolicam
443 3661 556 3727 Sedem
580 3667 612 3725 et
627 3661 802 3726 Romanum
818 3657 1002 3726 Pontificem
1024 3659 1056 3723 iu
1078 3658 1204 3722 univer-

63 3758 117 3808 sum
138 3749 244 3814 orbem
267 3768 330 3814 non
353 3756 461 3814 tenere
484 3751 664 3832 primatum,
694 3754 728 3812 et
749 3750 852 3829 ipsum
874 3749 1051 3814 Romanum
1072 3743 1203 3810 Pontifi-

63 3846 115 3895 cem
128 3853 338 3902 successorem
354 3857 416 3902 non
433 3855 502 3901 esse
517 3838 553 3903 Β.
567 3837 653 3902 Petri
668 3837 819 3919 principis
836 3836 1071 3917 Apostolorum,
1093 3852 1203 3898 verum

11 3998 15 4003 ¹
63 3913 160 3988 Christi
182 3925 352 4005 Vicarinm,
387 3927 486 3990 totius
509 3924 672 3990 Ecclesiae
696 3933 799 4005 caput,
824 3925 1025 4005 omniumque
1050 3920 1203 3987 Christia-

62 4020 155 4076 norum
183 4017 307 4094 patrem
340 4019 372 4077 et
401 4013 578 4091 doctorem,
614 4032 671 4078 nec
699 4012 759 4092 ipsi
788 4013 834 4076 in¹
850 4011 886 4076 Β.
921 4011 1015 4076 Petro
1043 4008 1203 4092 pascendi,

63 4099 171 4174 regendi
200 4106 234 4166 et
263 4100 461 4182 gubernandi
490 4101 700 4166 universalem
730 4099 904 4165 Ecclesiam
937 4101 1019 4164 aD.
1050 4096 1087 4162 N.
1111 4097 1135 4162 l.
1168 4094 1203 4162 C.

65 4247 255 4268 *x—

154 4344 175 4412 1)
194 4345 227 4397 In
247 4343 403 4410 Germania,
422 4345 450 4397 in
470 4342 567 4411 Gallia,
587 4351 615 4398 et
633 4359 683 4411 per
701 4342 901 4411 Ephemeridas
920 4342 1027 4408 ubique.
