2872 4874
499 336 537 381 ou
560 336 630 382 mou
653 336 830 385 crruomcn.
1212 322 1249 381 13

187 475 300 556 Itaque
317 476 456 556 supremi
472 475 642 556 pastoralis
655 474 765 540 Nostri
781 473 873 540 officii
890 476 1034 540 debitum
1050 482 1251 557 exequentes,

71 582 192 628 omnes
217 562 336 628 Christi
360 561 485 642 fideles,
517 565 651 628 maxime
675 582 749 628 vero
773 581 836 641 eos,
871 565 925 644 qui
948 568 1101 644 praesunt
1124 564 1174 628 vel
1197 564 1252 629 do-

74 651 173 716 cendi
197 670 328 715 munere
350 650 541 732 fungrmtur,
575 651 779 732 perviscera
803 653 880 717 Jesu
904 648 1022 715 Christi
1045 652 1251 732 obtestamur,

76 758 227 804 necnon
251 738 394 819 ejusdem
415 739 475 804 Dei
499 746 532 802 et
554 738 729 804 Salvatoris
752 739 851 803 nostri
874 739 1065 803 auctoritate
1093 739 1250 821 jubemus,

77 833 114 891 ut
140 826 183 891 ad
207 827 265 890 hos
288 844 413 891 errores
437 845 457 891 a
480 825 598 891 Sancta
621 825 766 891 Ecclesia
796 828 949 892 arcendos
979 835 1011 890 et
1035 826 1251 906 eliminandos,

78 921 177 994 atque
214 914 403 994 purissimae
440 914 513 978 fidei
535 913 638 979 iucem
660 913 863 995 pandendam
892 913 1031 978 studium
1059 920 1092 978 et
1122 932 1252 995 operam

80 1001 258 1068 conferant.

190 1088 346 1166 Quoniam
369 1106 444 1153 vero
467 1090 546 1153 satis
569 1106 631 1152 non
655 1094 719 1165 est,
754 1089 950 1155 haereticam
981 1088 1170 1168 pravitatem
1196 1089 1250 1154 de·

82 1178 195 1256 uitare,
218 1177 279 1240 nisi
300 1176 325 1240 ii
347 1192 473 1257 quoque
495 1194 618 1241 errores
642 1175 810 1258 diligenter
826 1174 1000 1258 fugiantur,
1023 1177 1077 1256 qui
1101 1177 1142 1241 ad
1164 1175 1251 1241 illam

82 1265 153 1346 plus
176 1265 319 1331 minusve
342 1264 514 1339 accedunt,
537 1282 646 1328 omnes
670 1262 764 1329 officii
787 1281 958 1341 monemus,
983 1265 1132 1329 servandi
1155 1265 1252 1331 etiam

83 1352 335 1417 Constitutiones
366 1356 399 1416 et
422 1350 572 1430 Decreta,
605 1352 719 1432 quibus
749 1370 865 1432 pravae
895 1350 1050 1430 eiusmodi
1080 1353 1252 1433 opiniones,

82 1458 164 1521 quae
200 1438 294 1503 isthic
330 1438 447 1504 diserte
482 1458 544 1504 uon
579 1445 822 1519 enmnerantur,
857 1441 898 1505 ab
932 1439 992 1503 hac
1027 1438 1144 1504 Sancta
1172 1440 1254 1505 Sede

83 1528 281 1609 proscriptae
304 1533 339 1591 et
361 1526 539 1607 prohibitae
563 1538 646 1592 sunt.

191 1613 313 1678 Datum
337 1614 457 1680 Romae
487 1615 520 1678 in
549 1614 675 1695 publica
703 1615 850 1680 Sessione
882 1616 914 1677 in
937 1614 1095 1679 Vaticana
1116 1615 1255 1680 Basilica

85 1701 267 1768 solemniter
300 1702 461 1767 celebrata
496 1721 579 1766 anno
609 1702 839 1767 lncamationis
874 1702 1057 1767 Dominicae
1089 1702 1254 1768 millesimo

86 1790 350 1872 octingentesimo
374 1791 620 1873 septuagesimo,
644 1790 695 1855 die
717 1790 868 1869 vigesima
890 1796 1006 1870 quarta
1029 1789 1155 1870 Aprilis.

190 1876 403 1942 Pontificatus
427 1877 536 1942 Nostri
559 1896 642 1943 anuo
665 1878 815 1958 vigesimo
839 1882 962 1958 quarto.
