2872 4874
493 316 532 361 ns
554 315 773 362 muneramus.
1156 303 1225 364 237*

108 471 163 519 nos
185 452 390 535 frequentent
404 455 585 535 impedIant,
610 473 649 534 ne
672 455 830 537 regularis
844 454 983 519 familiae
1005 455 1220 535 tranquillitas

108 542 271 608 silentium
301 542 457 618 turbetur,
489 549 521 605 et
543 543 676 623 spiritus
706 543 943 623 observantiae,
975 561 1037 623 quo
1062 541 1220 608 Ordinum

109 629 248 695 ularium
271 629 390 694 alumni
411 631 542 694 animati
572 648 643 695 esse
666 630 793 710 debent,
823 636 974 713 tepescat,
998 629 1225 713 paulatimque·

108 718 268 800 Inguatur.
321 715 441 793 Quibus
473 735 569 799 super
599 718 744 783 omnibus
765 717 983 799 Superiorem,
1013 738 1050 784 ac
1070 719 1216 800 ipsorum

107 805 284 887 igiosorum
308 805 500 871 conscientia
522 811 655 870 onerata
677 811 849 872 remaneat.

533 1015 670 1081 CAPUT
692 1015 749 1081 111.

158 1154 249 1232 Quae
283 1157 315 1220 in
348 1156 505 1238 superiori
537 1157 641 1238 capite
675 1158 817 1222 secundo
849 1157 1023 1223 constituta
1053 1160 1141 1238 sunt,
1177 1158 1219 1223 ad

108 1245 204 1308 tituta
234 1262 357 1325 quoque
390 1243 547 1324 virorum,
586 1243 619 1308 in
653 1245 766 1323 quibus
798 1248 873 1308 vota
906 1250 1032 1310 tantum
1063 1244 1225 1328 simplicia.

110 1337 250 1407 ttnntur,
283 1332 491 1410 extendimus,
523 1351 561 1399 ac
591 1332 713 1396 servari
745 1331 899 1396 volumus.
953 1333 1003 1399 Ad
1037 1330 1218 1398 clausuram

108 1438 161 1484 em
185 1419 270 1500 quod
284 1420 410 1499 attinet,
433 1419 508 1484 licet
522 1418 705 1499 hujusmodi
726 1417 880 1485 Instituta
895 1421 1054 1486 communi
1064 1422 1139 1503 jure
1155 1439 1222 1487 non.

113 1505 338 1586 subjiciantur;
372 1512 515 1572 attamen
547 1507 580 1571 in
612 1506 770 1587 aliquibus
801 1506 923 1571 utiliter
950 1508 1131 1573 introducta
1160 1514 1217 1574 est.

108 1595 243 1659 ndamus
266 1595 363 1675 igitur
393 1595 487 1659 etiam
517 1596 622 1676 quoad
645 1594 724 1659 baec
746 1595 885 1660 virorum
907 1596 1073 1676 Instituta,
1105 1604 1141 1662 ut
1164 1597 1219 1662 ubi

108 1700 200 1747 rsura
222 1684 308 1762 viget
338 1683 404 1746 sive
427 1701 467 1747 ex
497 1683 626 1763 speciali
654 1683 684 1748 S.
708 1681 799 1747 Sedis
831 1683 1052 1763 dispositione,
1089 1685 1155 1748 sive
1186 1686 1218 1749 vi

109 1771 321 1848 stitutionum,
353 1771 420 1835 sive
442 1789 511 1850 usu,
544 1770 664 1835 sedulo.
681 1776 835 1837 servetur.
887 1771 948 1835 Pro
972 1770 1042 1835 aliis
1066 1790 1150 1851 vero,
1183 1773 1216 1836 in

108 1859 166 1924 bus
190 1858 328 1922 nondum
365 1864 488 1923 statuta
511 1860 678 1939 reperitur,
710 1857 895 1924 facultatem
925 1860 1124 1940 impertimur
1148 1859 1217 1924 Mo-

108 1946 252 2011 atoribus
276 1944 494 2026 Generalibus
518 1946 585 2010 sive
607 1964 665 2026 per
686 1965 731 2026 se,
760 1946 826 2011 sive
848 1964 906 2027 per
928 1946 1008 2011 alios
1031 1945 1217 2029 Superiores

107 2034 188 2115 ipsis
205 2034 410 2114 deputandos
427 2033 606 2099 clausuram
629 2036 661 2098 in
676 2033 796 2114 proprii
810 2034 955 2099 Institnti
977 2034 1017 2098 ab
1032 2034 1216 2114 Apostolica

108 2122 134 2186 le
156 2120 324 2202 approbati
339 2122 484 2187 domibus
505 2121 726 2186 constituendi.
770 2120 841 2186 Hac
862 2129 969 2186 autam
991 2116 1145 2186 facultate
1168 2124 1216 2186 uti

108 2215 184 2288 tent,
208 2209 271 2274 nisi
293 2208 399 2289 aliqua
422 2210 528 2291 gravis
555 2226 651 2274 causa
673 2208 842 2291 peculiaris
864 2209 957 2275 allter
979 2207 1125 2274 suadeat:
1155 2227 1222 2290 quo
1277 2214 1280 2223 '

117 2314 195 2362 casu
229 2297 300 2361 aliis
333 2294 515 2363 efficacibus
544 2297 647 2363 modis
676 2297 880 2379 provideant,
913 2317 953 2362 ne
981 2315 1019 2362 ex
1048 2294 1221 2361 mulierum.

108 2401 180 2450 essu
203 2383 346 2465 pericula
367 2391 400 2449 et
422 2384 573 2449 scandala
594 2385 748 2450 oriantur.

525 2593 663 2660 CAPUT
686 2595 738 2659 IV.

158 2733 362 2800 inhaerentes
386 2733 613 2800 constitutioni
634 2733 788 2799 Bonilacii
812 2733 906 2815 VIII,
935 2735 1061 2800 decreto
1084 2731 1217 2801 Ooncssii

108 2823 237 2896 declini,
261 2829 294 2887 et
320 2822 537 2887 sanctionibus
560 2820 759 2886 Summarum
781 2818 969 2887 Pontificum
991 2822 1220 2905 praedecesso--

108 2930 121 2975 n
145 2909 366 2994 nostrorum,1)
390 2911 530 2992 graviter
545 2910 756 2991 praecipImus
770 2909 947 2991 Episcopis,
971 2915 1009 2973 ut
1021 2910 1054 2975 in
1069 2911 1218 2978 omnibus

108 2999 258 3064 nasteriis
281 2997 343 3062 sibi
374 2997 526 3080 subjectis
556 2997 732 3077 ordinaria,
766 2997 799 3061 in
821 2995 895 3061 aliis
918 3014 992 3061 vero
1014 2997 1215 3078 apostolieae

108 3088 143 3153 lis
165 3087 365 3163 auctoritate,
381 3085 560 3170 clausuram
584 3083 884 3166 sanctimonialium,
907 3084 962 3149 ubi
976 3083 1096 3151 violata
1109 3084 1221 3168 tuerit,

108 3179 220 3257 genter
241 3174 383 3254 restitui;
414 3177 447 3238 et
468 3173 523 3238 ubi
544 3172 700 3238 inviolata
721 3177 844 3251 manet,
874 3173 1057 3239 conservari
1078 3174 1214 3239 maxime

108 3267 237 3328 curent:
273 3263 321 3325 ita
347 3269 384 3325 ut
414 3279 476 3324 non
505 3260 608 3327 solum
640 3260 795 3326 Manlales
824 3260 933 3343 egredi
962 3278 981 3325 e
1013 3262 1214 3327 monasteriis

108 3355 222 3433 ueant:
244 3367 353 3413 uerum
377 3349 472 3413 etiam
497 3366 587 3413 nemo
610 3347 835 3429 cujuscumque
857 3349 991 3430 generis,
1015 3349 1212 3428 conditionis,

120 3455 215 3502 sexus
237 3438 268 3500 in
284 3454 324 3500 ca
345 3435 477 3517 ingredi,
501 3437 551 3502 vel
566 3438 790 3520 cujuscumque
812 3436 929 3500 aetatis
951 3438 1047 3500 etiam
1061 3436 1220 3500 infantilis¹

108 3525 176 3591 nitti
191 3526 292 3605 possit
314 3523 373 3588 sub
389 3525 531 3588 censuris
553 3530 587 3587 et
608 3525 718 3605 poenis
734 3531 845 3589 contra
859 3523 1016 3588 violantes
1033 3522 1212 3589 clausuram

108 3613 263 3692 iminatis3
287 3629 350 3676 non
373 3613 521 3676 obstante
539 3613 649 3691 quavis
672 3613 768 3685 etiam
792 3611 878 3693 longi
901 3612 1054 3692 temporis
1079 3628 1210 3676 consuc-

107 3703 176 3781 ine3
201 3700 340 3779 exceptis
362 3705 469 3763 tamen
486 3700 611 3764 casibus
627 3698 731 3779 ajuro
753 3699 925 3781 permissis
950 3699 983 3762 in
1007 3698 1120 3778 quibus
1144 3717 1211 3762 ser-

108 3797 163 3855 tur
186 3787 317 3867 dejure
341 3786 515 3864 servanda;
538 3793 571 3850 et
592 3786 689 3851 salvis
711 3786 842 3851 indultis
865 3787 904 3850 ab
928 3784 1112 3867 ApostoIIca
1130 3784 1211 3851 Sede

108 3877 199 3953 entis,
223 3874 412 3955 praesertim
435 3873 539 3954 quoad
562 3878 708 3939 externas
731 3873 910 3956 puellarum
934 3872 1067 3938 scholas.

108 4000 260 4009 .....-——--

158 4051 178 4119 ¹)
200 4048 325 4102 Bonilac.
346 4048 423 4102 Vlll.
452 4048 481 4100 in
508 4063 567 4114 cap.
595 4047 759 4102 Periculoso
782 4050 807 4102 4.
835 4047 868 4100 de
895 4050 971 4098 statu
994 4043 1092 4114 Rapui.
1119 4046 1148 4098 ia
1175 4049 1217 4114 6.,.

108 4121 152 4174 cil.
171 4118 247 4172 Trid.
267 4133 327 4184 cap.
346 4121 371 4172 5.
397 4132 463 4171 sesa.
485 4119 527 4170 25.
557 4117 590 4170 da
616 4117 758 4187 Repolor,
787 4117 813 4172 S.
838 4117 904 4170 Pius
923 4115 956 4172 V.
985 4115 1103 4171 Constit.
1129 4114 1209 4170 (Ἄνθα

108 4190 208 4256 :orella
226 4195 255 4242 et
272 4188 367 4241 Const.
379 4186 483 4241 Dacors'
500 4192 526 4240 et
543 4185 689 4254 honestati,
707 4188 821 4254 Gregor.
833 4186 908 4239 XIII.
929 4184 1021 4240 Const.
1039 4183 1101 4238 Deo
1119 4186 1210 4239 sacris

108 4262 188 4314 :onst
207 4256 319 4322 Dubia's,
348 4257 506 4312 Alexander
522 4256 585 4312 Vll.
613 4256 707 4313 Goust.
725 4257 823 4322 Felici,
847 4263 876 4310 et
899 4255 1000 4310 Bened.
1019 4254 1093 4309 XIV.
1114 4255 1209 4310 Const.

108 4329 188 4396 atari,
208 4335 237 4383 ct
253 4328 283 4380 iu
302 4327 357 4382 alia
376 4324 432 4380 Per
450 4326 540 4384 oinos.
