2872 4874
711 52 750 179 ιι

223 339 256 386 VI
714 337 897 384 palarmo.

329 477 367 541 In
389 477 516 542 tertiam
548 482 673 557 partem
702 476 920 541 distribuimus
951 485 1020 542 tum
1054 475 1324 545 constitutionum
1350 483 1388 548 de

224 582 440 666 choloribus
464 580 645 660 Sobemoto,
678 599 760 663 quae
783 579 915 647 Consilii
937 583 1088 650 Patribus
1118 584 1258 649 exhibita
1284 595 1386 668 erant,

223 695 294 754 tum
315 685 458 765 Patron,
481 705 564 768 quae
586 687 628 751 ad
650 687 783 752 eandem
806 705 875 752 rem
895 689 1069 769 pertinent,
1092 689 1276 755 Postulota.

330 791 470 869 Quartae
493 791 628 873 denique
653 791 741 872 parti
759 791 814 856 illa
835 811 940 873 pauca
962 787 1151 859 documenta
1172 796 1386 879 attribuimus,

224 916 307 978 quae
329 897 372 962 ad
393 915 445 962 res
468 898 553 962 ritus
576 895 753 962 orientalia
775 903 805 962 et
825 899 1016 964 musabum
1036 902 1205 982 pertinent.

331 1003 474 1067 Nomina
488 1003 717 1084 postulantium
732 1003 817 1084 quod
836 1005 960 1082 attinet,
984 1023 1031 1084 ea,
1048 1005 1111 1071 nisi
1127 1023 1180 1071 res
1194 1008 1264 1088 ipsa
1278 1014 1388 1088 postu-

225 1108 295 1173 lare
318 1108 488 1186 videretur,
512 1114 549 1172 ut
571 1107 827 1190 adjungerentur,
850 1109 1022 1175 omittenda
1044 1112 1233 1179 censuimus,

331 1213 434 1278 Haec
450 1218 539 1293 sunt,
567 1231 650 1294 qnae
672 1212 846 1294 praefanda
876 1215 1053 1280 habuimus.
1107 1215 1199 1293 Quod
1230 1226 1386 1298 superest,

135 1302 137 1319 ¹
225 1318 305 1384 nihil
329 1319 493 1384 ardentius
524 1320 667 1400 cupimus
691 1326 725 1384 et
746 1338 928 1400 precamur,
960 1338 1056 1401 quam
1079 1326 1117 1386 ut
1138 1320 1389 1402 Benignissimus

227 1424 312 1489 Deus
334 1425 443 1506 magni
465 1421 599 1489 Ooncilii
620 1424 768 1490 Vaticani
787 1443 937 1506 magnum
966 1431 1127 1492 auctorem
1151 1432 1184 1490 et
1207 1426 1388 1492 Praesidem

225 1529 460 1595 sanctissimum
477 1527 608 1594 Patrem
623 1528 785 1609 Nostrum,
806 1529 897 1595 Pium
912 1529 979 1610 IX,
1001 1531 1178 1613 captivitati
1193 1537 1228 1596 et
1245 1531 1390 1597 omnibus

227 1633 486 1701 tribulationibus
517 1635 583 1700 suis
612 1654 686 1699 mon
715 1635 844 1716 eripiat,
876 1644 913 1701 ut
942 1636 982 1701 de
1009 1636 1074 1702 suis
1106 1643 1140 1701 et
1169 1655 1194 1703 s.
1223 1636 1390 1702 Ecclesiae

227 1740 362 1806 inimicis
385 1740 521 1820 gloriose
542 1740 741 1821 triumphans
770 1741 983 1821 interruptum
1013 1741 1177 1805 concilium
1208 1749 1390 1807 restaurare

226 1851 262 1910 et
290 1850 357 1909 tam
384 1844 443 1911 boo
476 1846 596 1927 ipsum,
632 1863 727 1927 qnam
750 1844 880 1928 longum
902 1851 935 1911 et
962 1845 1132 1928 gloriosum
1167 1844 1390 1912 Pontificatum

227 1949 327 2015 Suum
348 1950 527 2017 felicissimo
550 1951 636 2016 eiitn
658 1970 809 2017 coronare
832 1953 950 2034 possit!
1111 1955 1114 1960 '

335 2061 568 2170 Paderbomae,
593 2092 622 2158 d.
641 2095 699 2158 22.
723 2109 765 2156 m.
788 2090 954 2156 Februarii
979 2096 1073 2157 1873.
