2872 4874
569 319 609 366 ns
631 318 811 367 orscmmnl.
1213 306 1273 367 199

137 460 239 525 mixtim
262 466 497 525 commorantur
526 458 714 525 catholicam
736 457 910 529 Ecclesiam
932 460 1034 541 magis
1056 458 1220 540 magisque
1241 458 1275 523 in

133 548 186 613 lia
204 545 401 627 labefactari,
424 545 561 613 fidelium
584 564 712 612 suorum
745 564 876 612 numero
899 552 932 611 et
953 564 1013 612 sua
1034 547 1218 627 integritate
1242 552 1275 610 et

132 635 307 701 maturitate
330 634 461 700 diminui
492 642 588 716 atque
617 634 658 699 ad
681 634 902 700 extinctionem
933 635 1014 699 uerti
1043 639 1190 714 oportere
1213 634 1275 698 nisi

132 722 220 787 divina
234 721 436 787 Providentia
453 721 640 787 admirabile
654 720 811 803 quoddam
836 722 864 786 ei
879 722 1099 786 subministret
1112 720 1273 785 auxilium.

218 808 255 876 ln
277 809 424 875 Dioeoesi
439 808 639 891 Sangallensi
662 809 773 877 ultimo
796 816 958 875 transacto
974 816 1095 891 septem
1117 826 1292 875 annorum=

130 898 217 976 matio
239 902 305 963 530
320 896 455 979 amplius
470 898 568 963 mixta
590 898 792 963 matrimonia
805 898 884 963 inita
906 894 1034 963 fuerunt
1048 898 1158 978 utique
1180 915 1274 978 prae·

134 986 233 1067 scripta
262 983 423 1051 Ecclesiae
457 985 691 1066 dispensatione
723 986 864 1067 provisa,
900 985 957 1050 sed
986 991 1115 1068 praeter
1149 1003 1188 1049 ea
1209 1002 1273 1050 non

133 1072 242 1153 exiguus
265 1071 371 1138 adhue
386 1091 534 1138 numerus
556 1073 709 1155 ejusmodi
730 1072 968 1152 connubiorum,
992 1090 1073 1154 quae
1094 1070 1146 1137 vel
1168 1088 1275 1137 coram

132 1160 257 1225 unaue
278 1159 483 1226 Protestante
505 1160 679 1226 acatholico
709 1162 774 1224 ritu
796 1159 959 1227 celebrata
980 1158 1078 1238 luere,
1101 1159 1174 1241 quia
1195 1177 1272 1241 nup

131 1248 268 1313 umentes
298 1266 358 1314 nec
386 1249 601 1332 praescriptas
634 1248 799 1314 Ecclesiae
822 1247 1019 1315 conditiones
1040 1248 1187 1330 implere,
1216 1264 1275 1312 nec

131 1332 374 1403 holmissticam
398 1335 664 1417 dispensationem
687 1334 747 1400 sibi
770 1336 934 1416 acquirere
955 1335 1115 1401 volebant.
1153 1334 1275 1400 Crescit

129 1439 182 1487 mm
202 1441 336 1489 numeru
358 1422 474 1489 malurn
498 1423 581 1504 quod
604 1441 621 1489 e
644 1424 750 1489 mixtis
771 1423 937 1490 connubiis
958 1424 991 1489 in
1013 1422 1274 1491 Ecclesiasticum

128 1510 252 1577 orduem
276 1512 403 1593 copiose
425 1511 574 1590 manat,
606 1518 640 1576 et
662 1508 787 1577 difficile
809 1513 902 1577 nimis
926 1518 976 1576 est
998 1511 1094 1590 dictu,
1117 1528 1274 1592 quaenam

127 1596 386 1665 tdoohibendum
410 1597 529 1663 malum
551 1616 690 1681 congrue
705 1597 886 1664 adhibenda
908 1599 952 1665 sit
973 1598 1105 1677 medela,
1125 1598 1274 1679 quoniam

125 1685 351 1769 hqravescente
374 1687 483 1752 morbo
506 1687 650 1752 acerbius
673 1704 775 1767 aequo
802 1685 929 1767 aliquod
952 1685 1127 1752 remedium
1150 1685 1273 1750 infirmo

125 1770 195 1841 bale
229 1779 339 1858 potest
375 1780 509 1839 mortem
546 1792 677 1856 parare:
716 1772 921 1840 deiectionem
960 1774 1063 1838 dicam
1102 1773 1274 1839 multorum

125 1856 345 1929 letbolicornm
373 1861 414 1927 de
436 1860 514 1927 Fide
545 1861 755 1929 manifestam
808 1860 860 1926 Nil
888 1880 927 1926 ex
948 1869 1041 1944 parte
1071 1879 1143 1929 mea
1165 1879 1274 1943 super·

127 1948 182 2030 adi,
206 1967 273 2030 quo
295 1948 413 2015 malum
437 1955 470 2015 et
493 1967 530 2014 ex
553 1966 590 2015 eo
613 1950 775 2015 nascitura
797 1948 937 2031 pericula
960 1966 1099 2024 arceam3
1133 1948 1273 2014 Litteras

127 2037 302 2118 morales,
336 2038 590 2117 commonitoria,
623 2038 774 2102 mandata
804 2055 1032 2119 saepenumero
1060 2036 1103 2101 ad
1134 2034 1271 2115 Clarum,

123 2125 322 2207 populumque
346 2123 454 2205 direxi,
478 2133 516 2189 ut
538 2125 636 2191 mixta
658 2126 858 2190 matrimonia
872 2123 1163 2205 quomodocumque
1186 2122 1272 2189 cohi·

121 2208 196 2277 leam
222 2213 311 2276 etin
333 2212 465 2277 solemni
491 2212 622 2277 decreto
644 2212 884 2290 matrimoniali,
915 2212 1072 2277 dominica
1093 2212 1196 2292 prima
1214 2209 1272 2275 Ja-

117 2300 211 2365 nmrii
235 2301 405 2380 quotannis
434 2300 467 2362 in
489 2300 623 2382 singulis
654 2300 889 2383 parochialibus
911 2299 1061 2365 Ecclesiis
1081 2317 1102 2364 a
1124 2297 1271 2380 parochis

116 2402 145 2451 er
163 2387 305 2452 ambone
327 2386 537 2468 praelegendo
561 2394 673 2452 eontra
695 2388 834 2453 ineunda
855 2387 1055 2453 matrimonia
1077 2387 1177 2451 mixta
1199 2403 1272 2451 con·

116 2490 203 2554 arnas
240 2493 279 2540 ao
306 2492 432 2539 severas
460 2474 689 2540 admonitiones
720 2476 803 2541 edidi
827 2476 996 2541 ostendens
1025 2473 1167 2557 pericula
1189 2491 1270 2554 quae

116 2561 220 2627 eunde
241 2562 417 2644 animabus,
433 2562 628 2645 conjugibus,
654 2562 845 2644 familiisque
859 2581 969 2629 eorum
992 2568 1176 2629 nascuntur.
1211 2560 1271 2626 Pa·

116 2648 220 2717 roehos
256 2667 383 2730 quoque
416 2648 602 2715 adhortatus
633 2669 720 2731 snm,
758 2657 796 2716 ut
832 2650 942 2717 sedulo
977 2650 1143 2732 invigilent
1176 2667 1272 2731 super

116 2734 235 2803 hmiliis
258 2744 355 2818 atque
378 2736 626 2804 adolescentium
650 2740 814 2820 utriusque
837 2756 929 2803 sexus
952 2738 1197 2817 cousuetudine,
1230 2756 1270 2801 ne

116 2824 238 2891 levitate
260 2825 356 2890 animi
378 2824 428 2890 vel
451 2824 634 2891 seductione
657 2827 740 2907 capti
763 2826 862 2890 mixta
884 2824 1042 2891 connubia
1063 2827 1180 2892 ineant.
1218 2824 1271 2889 In·

116 2928 196 2979 crea
217 2910 296 2977 folia
317 2911 571 2994 dispensationis,
594 2919 631 2977 ut
645 2919 877 2994 nuncupantur,
900 2932 1010 2992 vacua,
1034 2931 1054 2979 a
1076 2912 1270 2977 Nuntiatum

116 2999 198 3065 robis
220 3005 360 3065 reuecta
374 2998 510 3081 luerunt,
533 3017 654 3081 uosque
670 3002 770 3067 coacti
792 2999 924 3082 siugulis
945 3000 1066 3066 vicibus
1089 3007 1122 3065 et
1145 3001 1269 3067 casibus

116 3104 163 3167 pro
188 3087 477 3170 dispensationibus
510 3087 552 3152 ad
583 3086 808 3153 Nuntiaturam
831 3087 1064 3153 Luceroeuscm
1094 3105 1268 3167 recurrere,

116 3174 193 3255 quod
215 3175 308 3240 uobis
329 3175 457 3255 quidem
486 3174 625 3240 laborem
649 3177 750 3254 uach,
782 3195 949 3240 nummum
971 3179 1078 3240 autem
1101 3175 1268 3241 mixtorum

116 3263 379 3327 matrimoniorum
413 3282 612 3344 nequaquam
645 3264 772 3329 minuit
826 3261 941 3329 Omnia
974 3263 1072 3344 igitur
1109 3279 1189 3342 quae
1227 3264 1268 3327 ad

116 3349 315 3416 :uertendum
349 3348 445 3416 hocce
479 3349 596 3415 malurn
630 3351 805 3431 usquedmn
836 3352 1040 3432 tentavimus,
1071 3350 1122 3415 vel
1155 3351 1269 3432 exiguis

116 3436 197 3519 'ruge
219 3436 270 3502 vel
293 3454 425 3518 prorsus
446 3439 607 3503 incassum
630 3443 756 3503 tentata
778 3437 876 3504 luere.
913 3437 1005 3516 Quod
1027 3456 1065 3504 eo
1088 3439 1191 3519 magis
1214 3439 1268 3503 de

116 3523 294 3591 durandum
316 3542 377 3605 quo
400 3526 516 3591 certior
530 3524 676 3606 idemque
698 3524 852 3591 funestior
874 3544 931 3607 pro
946 3525 1090 3592 Ecclesia
1112 3525 1268 3590 catholica

116 3630 135 3677 n
157 3613 231 3677 istis
253 3612 435 3694 regionibns
458 3610 495 3677 fit
516 3630 623 3677 rerum
653 3615 765 3680 exitus.
818 3613 933 3679 Omnia
954 3631 1091 3694 namque
1112 3631 1168 3694 per
1191 3613 1268 3677 mix-

116 3716 211 3767 orum
233 3698 460 3765 connubiorum
484 3700 769 3766 accumulationem
783 3702 978 3782 pedetentim
1000 3701 1033 3765 in
1056 3699 1267 3765 ecclesiastico

116 3787 216 3853 »rdine
237 3804 354 3866 sorsque
375 3787 476 3869 deque
491 3794 668 3869 vertuntur,
691 3790 830 3854 exoritur
844 3787 1007 3854 hominum
1028 3787 1197 3868 generatio,
1213 3789 1268 3868 qui

116 3893 164 3941 rec
185 3872 333 3954 catholici
354 3893 414 3940 nec
435 3880 651 3957 protestantes
681 3886 756 3942 sunt
778 3894 836 3943 nec
857 3875 955 3941 ullam
978 3874 1173 3956 Religionem
1195 3893 1268 3956 pro·

116 3961 247 4040 beatur,
275 3962 360 4042 perit
388 3962 420 4025 in
449 3959 620 4028 Catholicis
652 3980 722 4028 cum
752 3961 815 4029 fide
844 3962 1002 4028 catholica
1034 3962 1135 4028 omnis
1164 3963 1268 4042 pietas

116 4055 135 4114 rt
149 4047 256 4115 filialis
279 4050 313 4113 in
327 4055 464 4114 matrem
478 4048 653 4115 Ecclesiam
677 4069 781 4132 amor3
804 4051 943 4132 quinimo
958 4052 990 4114 in
1006 4048 1184 4130 oppositum
1200 4051 1220 4116 i.
1239 4068 1265 4116 e.

116 4137 266 4218 modium
289 4138 493 4218 pervertitur.
1141 4182 1145 4189 .
