2872 4874
458 321 497 367 nr
521 320 617 367 meos
641 320 830 370 manners.
1186 310 1226 370 65

166 459 286 539 Quare,
314 461 342 524 si
365 466 460 525 antea
483 461 523 526 de
551 461 791 542 opportunitate
813 461 905 526 istius
928 461 1092 528 doctrinae
1114 464 1147 528 in
1169 462 1229 530 hoc

43 549 275 614 Oecnmenioo
298 546 440 614 Concilio
470 549 726 629 pronuntiandae
752 567 772 613 a
795 548 937 630 pluribus
961 549 1100 614 dubitari
1123 550 1228 615 adhuc

44 637 174 717 potuit,
190 654 276 701 nnnc
290 654 362 700 eam
377 633 508 701 definire
523 637 736 702 necessarium
751 654 882 718 prorsus
897 637 1032 702 videtur.
1063 637 1229 704 Catholica
1246 718 1249 727 ,

47 725 140 788 enirn
167 724 314 790 doctrina
335 723 445 788 iisdem
461 723 556 805 plane
579 725 775 806 argumentis
799 724 902 789 denuo
918 725 1088 806 impetitur,
1113 726 1227 807 quibus

49 811 132 876 olim
157 811 313 890 homines,
348 813 477 893 proprio
507 811 626 893 judicio
649 812 859 891 condemnati,
892 812 1044 877 adversus
1067 831 1138 878 eam
1158 819 1227 879 ute-

50 901 192 976 bantur3
215 899 340 981 quibus,
364 899 392 963 si
415 906 600 991 lugeantur,
627 900 695 981 ipse
718 900 853 964 Romani
876 898 1038 966 Pontificis
1060 902 1225 982 primatus,

52 987 287 1068 Ecclesiaeque
310 984 519 1051 infallibilitas
542 986 779 1068 pessumdatur3
815 993 847 1053 et
869 988 983 1069 quibus
1006 1006 1101 1072 saepe
1124 990 1227 1055 deter-

57 1077 140 1140 rima
166 1075 310 1140 convicia
340 1082 450 1138 contra
471 1074 688 1156 apostolicam
710 1075 825 1141 Sedem
848 1075 1072 1141 admiscentur.
1128 1077 1227 1143 Immo

59 1163 261 1228 acerbissimi
284 1162 457 1228 catholicae
487 1162 652 1227 doctrinae
679 1164 926 1245 impugnatores,
957 1163 1033 1228 licet
1055 1164 1228 1232 catholicos

62 1269 95 1315 sa
126 1250 246 1328 dicant,
283 1248 441 1314 affirmare
475 1269 538 1314 non
573 1251 772 1328 erubescunt,
807 1250 1023 1316 Florentinam
1057 1252 1226 1335 Synodum,

64 1357 244 1420 supremam
266 1337 402 1402 Romam
424 1334 586 1403 Pontificio
616 1340 838 1403 auctoritatem
861 1338 1109 1405 luculentissime
1133 1339 1227 1424 profi·

66 1432 192 1504 tentem,
217 1426 451 1491 oecumenicam
475 1444 538 1489 non
560 1423 667 1490 fuisse.

166 1513 201 1579 Si
223 1514 324 1594 igitur
347 1512 521 1578 Concilium
541 1513 740 1589 Vaticanum,
764 1514 842 1578 adeo
866 1522 1085 1594 provocatum,
1109 1522 1230 1581 taceret

10 1626 15 1725 ᾗ
72 1600 288 1668 etcotholicae
312 1600 473 1665 doctrinae
488 1601 702 1666 testimonium
728 1601 805 1666 dare
820 1602 1003 1682 negligeret,
1028 1609 1104 1667 tnnc
1120 1602 1229 1669 catho-

85 1691 144 1754 'cua
163 1687 303 1772 populus
327 1688 466 1753 devera
489 1689 633 1753 doctrina
656 1707 766 1770 reapse
789 1689 935 1754 dubitare
959 1691 1122 1772 inciperet,
1154 1710 1228 1756 neo·

10 1816 12 1825 =
77 1776 153 1842 terici
173 1783 284 1842 autem
309 1775 481 1857 gloriantes
504 1785 693 1855 assererent,
718 1776 893 1842 Concilium
915 1776 956 1841 ob
979 1784 1166 1857 argumenta
1187 1780 1229 1844 ab

81 1864 142 1944 ipsis
161 1864 263 1930 allata
285 1864 418 1930 siluisse.
453 1865 631 1942 Quinimmo
654 1865 779 1929 silentio
794 1864 852 1929 hoc
874 1882 999 1946 semper
1013 1867 1228 1946 abuterentur,

35 1994 38 2009 .
83 1957 111 2015 nt
127 1951 324 2035 spostolicae
348 1950 437 2016 Sedis
467 1953 594 2033 judiciis
618 1960 651 2016 et
672 1953 807 2018 decretis
838 1953 921 2016 circa
944 1950 1039 2017 fidem
1070 1958 1102 2017 et
1123 1972 1229 2019 mores

90 2038 165 2116 pitu
188 2039 404 2105 obedientiam
428 2045 591 2121 negarent,
615 2040 843 2105 contendentes
865 2040 949 2121 quod
963 2039 1125 2104 Romanus
1148 2041 1228 2106 Pon·
1326 2046 1331 2053 '

94 2123 194 2192 lierin
217 2128 373 2208 ejusmodi
393 2128 522 2211 judiciis
545 2126 682 2192 ferendis
705 2127 771 2192 falli
794 2129 943 2208 potuerit.

165 2214 337 2280 Publicum
361 2216 468 2296 itaque
490 2216 535 2279 rei
559 2215 747 2280 christianae
769 2216 887 2281 bonnm
910 2216 1071 2296 postulare
1094 2215 1228 2297 videtur,

87 2300 371 2368 otSacrosanctum
393 2301 568 2367 Concilium
593 2303 788 2382 Vaticanum,
818 2303 1036 2369 Florentinum
1066 2303 1228 2368 decretum

82 2387 109 2453 de
134 2390 279 2456 Romano
313 2388 466 2456 Pontifice
500 2391 603 2455 denuo
642 2390 793 2472 profitens
828 2398 861 2456 et
894 2390 1023 2456 uberius
1058 2391 1225 2472 explicans,

78 2479 190 2558 apertis,
215 2496 402 2559 omnemque
427 2479 589 2543 dubitandi
612 2479 715 2544 locum
731 2479 1006 2560 praecludentibus
1029 2480 1132 2544 verbis
1155 2497 1226 2544 san·

76 2564 127 2631 tire
147 2567 227 2630 velit
248 2583 438 2647 supremam,
461 2566 593 2646 ideoque
616 2567 655 2630 ab
672 2586 780 2632 errore
801 2569 970 2632 immunem
995 2585 1064 2631 esse
1087 2567 1225 2649 ejusdem

72 2651 195 2720 Romani
217 2651 385 2719 Pontificis
407 2655 637 2730 auctoritatem,
661 2673 756 2735 quum
780 2657 813 2719 in
835 2658 930 2720 rebus
952 2654 1025 2719 fidei
1048 2661 1081 2720 et
1103 2673 1225 2720 morum

70 2759 100 2806 ea
119 2743 236 2808 statuit
260 2760 298 2806 ac
320 2743 484 2823 praecipit,
519 2760 601 2824 quae
624 2745 664 2806 ab
694 2743 840 2807 omnibus
863 2740 1128 2806 Christifidelibus
1160 2761 1225 2809 cre·

67 2829 163 2896 denda
187 2835 221 2895 et
243 2831 382 2894 tenenda
415 2848 534 2910 quaeve
558 2830 729 2911 rejicienda
751 2836 784 2894 et
807 2830 988 2895 damnanda
1010 2831 1083 2896 sint.

166 2918 239 2982 Non
264 2879 525 2998 desunthuidem
550 2918 604 2998 qui
625 2918 813 2996 existiment,
841 2937 861 2982 a
883 2917 1040 2982 catholica
1061 2918 1122 2983 hac
1145 2919 1227 2983 veri-

63 3010 126 3070 tate
149 3006 322 3070 sancienda
345 3004 567 3069 abstinendum
590 3023 669 3082 csse,
693 3024 733 3070 ne
748 3005 936 3070 schismatici
958 3011 1053 3086 atque
1076 3006 1228 3072 haeretici

61 3091 185 3174 longius
210 3094 251 3158 ab
276 3093 418 3157 Ecclesia
442 3100 620 3157 arceantur.
658 3092 722 3157 Sed
744 3095 776 3157 in
799 3093 908 3174 primis
931 3092 1104 3158 catholicus
1127 3112 1228 3176 popu-

59 3179 108 3244 lus
128 3182 184 3263 jus
207 3181 316 3259 habet,
341 3186 377 3244 ut
399 3178 439 3245 ab
464 3179 672 3245 Cacumenica
695 3180 819 3262 Synodo
848 3181 1009 3258 doceatur,
1038 3182 1115 3261 qnid
1137 3184 1167 3245 in
1192 3200 1227 3246 re

58 3277 127 3332 tarn
153 3270 253 3350 gravi,
289 3276 321 3334 et
344 3275 410 3332 tam
434 3269 577 3350 improbe
609 3287 710 3348 nuper
739 3269 925 3349 impugnata
960 3267 1151 3333 credendum
1174 3271 1225 3346 sit,

57 3375 101 3420 ne
125 3354 288 3439 simplices
320 3361 353 3420 et
382 3357 527 3420 incautos
556 3355 726 3420 multorum
759 3359 880 3419 animos
912 3356 1107 3437 perniciosus
1138 3376 1228 3422 error

56 3443 193 3507 tandem
222 3438 414 3523 corrumpat,
471 3443 593 3507 Idcirco
624 3444 720 3506 etiam
744 3443 971 3524 Lugdunenses
995 3451 1027 3507 et
1050 3444 1227 3509 Tridentini

56 3532 177 3596 Patres
210 3536 332 3596 rectam
365 3530 539 3595 doctrinam
573 3530 794 3594 stabiliendam
828 3549 898 3595 esse
932 3539 1132 3611 censuerunt,
1167 3535 1229 3596 etsi

57 3619 254 3684 schismatici
286 3624 319 3683 et
348 3618 500 3683 haeretici
530 3617 772 3684 offenderentur.
830 3619 891 3695 Qui
914 3619 940 3681 si
971 3621 1094 3684 sincera
1123 3625 1228 3684 mente

57 3706 234 3771 veritatem
258 3712 424 3786 quaerant,
458 3724 521 3770 non
545 3707 807 3772 absterrebuntur
840 3706 898 3770 sed
927 3707 1115 3783 allicientur,
1152 3707 1227 3770 dnm

58 3795 141 3875 ipsis
158 3794 345 3871 ostenditur,
361 3813 423 3874 quo
439 3795 638 3874 potissimum
654 3794 858 3859 fundamento
875 3790 1047 3859 catholicae
1064 3793 1227 3859 Ecclesiae

58 3882 170 3946 unitas
200 3887 232 3945 et
262 3880 397 3945 firmitas
426 3884 557 3945 nitatur.
615 3881 648 3946 Si
673 3883 727 3962 qui
755 3888 870 3958 autem,
906 3900 984 3945 vera
1012 3882 1156 3947 doctrina
1185 3883 1227 3946 ab

60 3969 278 4034 Oecumenico
295 3968 436 4034 Concilio
460 3968 600 4048 definita,
625 3970 665 4033 ab
681 3969 822 4034 Ecclesia
845 3967 1025 4048 deficerent,
1050 3970 1082 4032 hi
1096 3987 1227 4036 numero

60 4057 159 4140 pauci
186 4068 218 4121 et
243 4057 431 4139 iamdudum
461 4059 493 4120 in
516 4056 577 4120 fide
607 4055 751 4137 naufragi
774 4062 856 4132 sunt,
891 4064 1087 4136 praetextum
1112 4056 1228 4122 solum-

61 4143 160 4209 modo
190 4151 388 4225 quaerentes
423 4162 485 4224 quo
520 4150 649 4208 externa
681 4147 776 4209 etiam
805 4147 928 4208 actione
956 4145 996 4206 ab
1020 4142 1164 4207 Ecclesia
1193 4164 1228 4210 se

61 4233 215 4311 eximant,
240 4250 335 4313 quarn
357 4233 481 4296 interno
505 4250 601 4296 sensu
627 4231 693 4310 J'arn
717 4233 895 4297 deseruisse
917 4231 1023 4311 palam
1046 4231 1226 4301 ostendunt.

60 4320 107 4384 ili
131 4325 214 4398 sunt,
240 4321 294 4400 qui
317 4319 505 4385 catholicum
527 4319 677 4401 populum
702 4322 848 4387 continuo
876 4319 1005 4382 turbare
1028 4338 1090 4383 non
1114 4318 1229 4386 abhor-

118 4437 244 4481 Martin.
259 4439 414 4482 Documenta.
1106 4424 1122 4483 5
