2872 4874
572 283 611 328 nn
634 282 852 331 momanmos.
1237 271 1302 333 235
1395 239 1398 253 ’

132 418 310 502 perfectam
334 438 529 487 communem
551 420 711 503 pollicitae
733 419 862 502 fuerint,
884 422 1036 502 majorem
1057 421 1304 491 communitatis

132 512 261 589 partem
284 510 479 574 constituere
502 508 745 590 comperiantur.

243 594 314 662 Hoc
335 598 430 679 modo
450 596 636 662 introducta
657 598 690 662 in
713 596 819 678 abono
843 596 1034 664 Monasterio
1056 598 1126 664 vita
1145 600 1302 665 communi

136 681 292 766 perfecta,
325 684 353 749 si
382 701 462 766 quas
484 688 655 750 renuentes
681 685 715 749 in
737 704 776 750 eo
810 702 974 766 superesse
1002 686 1182 767 contingat,
1218 687 1302 753 istae

139 771 266 837 minime
288 771 332 837 ad
354 770 490 838 officium
517 770 762 853 Superiorissae,
786 771 940 852 Vicariae,
972 772 1144 854 Magistros
1166 775 1302 841 novitia·

140 877 222 939 rnrn,
258 865 291 923 et
323 857 521 924 Oeconomae
550 860 623 942 eligi
646 858 789 942 valeant;
828 864 861 925 et
887 861 915 925 si
947 861 1068 926 electae
1089 862 1304 942 inveniantur,

140 947 232 1013 dictis
255 943 364 1012 officiis
388 965 425 1012 eo
448 948 517 1029 ipso
533 948 736 1012 renunciasse
761 953 964 1026 censeantur3
989 948 1244 1030 quandoquidem
1259 952 1302 1015 ad

140 1054 176 1100 es
198 1036 324 1099 nonnisi
356 1053 437 1116 qnae
460 1036 558 1100 vitam
589 1034 761 1115 perfectam
793 1053 988 1101 communem
1012 1038 1193 1117 observant,
1226 1037 1302 1120 eligi

138 1127 297 1204 poterunt.
349 1121 549 1206 Sperandnm
572 1127 681 1188 tamen
709 1126 760 1189 cst
791 1122 1054 1190 Sanctimoniales
1083 1123 1302 1206 perfectiorem

138 1211 236 1276 sitam
257 1209 381 1278 lubenti
403 1212 508 1277 animo
524 1210 724 1292 amplexuras
746 1208 823 1289 fore,
847 1217 884 1276 ut
899 1211 1049 1277 laxiorem
1064 1212 1191 1278 vivendi
1206 1215 1303 1279 ratio·

138 1316 208 1364 nem
230 1298 440 1381 abnegantes,
464 1316 547 1379 quae
569 1298 713 1364 coelestis
734 1297 850 1379 Sponsi
872 1305 956 1378 sunt,
980 1301 1071 1366 nnice
1093 1307 1258 1381 quaerant.

242 1385 331 1452 Haec
353 1386 457 1467 quoad
480 1384 655 1468 Religiosos
689 1387 774 1452 viros
805 1392 837 1451 et
858 1385 1118 1455 Sanctinroniales
1157 1388 1305 1454 volumus

140 1480 172 1540 et
193 1473 396 1552 mandamus3
430 1473 564 1555 ideoque
587 1475 727 1556 graviter
754 1475 966 1555 praecipimus
989 1477 1134 1541 omnibus
1157 1477 1304 1542 modera-

140 1563 262 1629 toribus
297 1560 517 1640 Generalibus,
550 1561 808 1640 Prouincialibus,
839 1561 1078 1644 Commissariis,
1113 1564 1303 1644 Abbatibus,

141 1649 312 1729 Prioribus,
336 1650 525 1716 Rectoribns
548 1655 582 1715 et
603 1649 794 1715 Guardinnis
825 1651 1052 1732 cujuscumque
1074 1651 1139 1716 sint
1163 1651 1302 1732 Ordinis,

139 1737 317 1817 Societstis,
341 1736 604 1820 Congregationis
627 1743 660 1802 et
682 1737 834 1816 Instituti,
857 1738 989 1818 aliisque
1011 1738 1147 1819 roquos
1171 1745 1302 1820 spectet,

140 1831 174 1892 nt
195 1844 280 1907 quae
302 1826 333 1890 in
357 1825 417 1891 hac
447 1832 557 1891 nostra
579 1823 812 1891 Constitutione
843 1825 972 1891 decreta
995 1831 1077 1904 sunt,
1101 1828 1303 1907 exequutioni

138 1914 231 1996 plene
256 1915 469 1994 committant,
490 1932 554 1979 non
576 1914 779 1979 obstantibus
803 1915 943 1979 omnium
965 1920 999 1978 et
1021 1913 1215 1995 singulorum
1239 1915 1305 1996 pri-

142 2001 262 2084 vilegiis
285 2007 318 2066 et
341 2001 472 2066 indultis
499 2001 559 2066 sub
592 2002 842 2083 quibuscumque
870 2000 1012 2066 formulis
1035 2001 1204 2065 verborum
1227 2020 1302 2067 con·

139 2090 249 2172 captis,
274 2091 371 2155 etiam
393 2091 426 2154 in
446 2107 578 2170 corpore
598 2090 679 2171 jnris
695 2086 825 2169 clausis3
848 2108 907 2154 nec
929 2107 992 2155 non
1008 2086 1302 2169 Constitutionibns,

138 2179 278 2257 statutis,
303 2182 336 2243 et
357 2176 477 2260 regulis
500 2178 596 2242 etiam
615 2177 742 2258 iuratis,
766 2182 799 2242 et
813 2177 996 2258 Apostolica
1018 2177 1206 2242 auctoritate
1229 2194 1303 2242 con-

138 2263 281 2345 firmatis,
298 2271 394 2346 atque
416 2266 512 2331 etiam
529 2265 808 2331 consuetudinibus
830 2267 975 2346 quamvis
989 2262 1302 2345 immemorabilibus,

138 2353 271 2434 ahisque
294 2354 462 2418 contrariis
486 2353 743 2434 quibuscumque.
1371 2364 1374 2368 ·

617 2594 828 2614 m

590 2807 627 2888 4.
669 2797 857 2888 sonum
902 2761 906 2768 ’

264 3049 268 3056 .
382 2981 729 3048 CONSTITUTIONIS
751 2981 810 3045 DE
834 2980 1066 3047 CLAUSURA.

246 3139 435 3209 claustralis
450 3140 491 3205 ob
506 3141 591 3207 vitae
607 3140 795 3218 custodiam,
817 3158 900 3222 quae
915 3139 1057 3222 regulari
1080 3139 1306 3205 observantiae

139 3233 190 3295 cst
205 3246 405 3310 summopere
424 3229 613 3307 necessaria,
631 3228 816 3307 canonibus,
834 3228 1048 3293 sanctionibus
1063 3233 1096 3293 et
1110 3245 1305 3293 summorum

138 3315 329 3382 Pontificum
358 3317 636 3382 constitutionibus
666 3335 729 3381 non
756 3317 849 3381 modo
879 3315 1046 3382 clausurae
1073 3315 1125 3381 lex
1147 3314 1303 3397 religiosis

139 3404 284 3470 domibus
298 3403 504 3486 Regularium
519 3406 683 3488 utriusque
705 3422 799 3470 sexus
828 3404 947 3470 indicta
972 3409 1034 3484 est,
1056 3405 1113 3467 sed
1127 3403 1191 3467 alia
1206 3401 1304 3467 etiam

139 3492 371 3574 sapientissime
405 3493 590 3571 constituta,
622 3509 703 3572 quae
732 3491 774 3556 ad
801 3492 903 3574 ipsius
931 3491 1098 3557 clausurae
1126 3491 1244 3555 bonum
1271 3493 1303 3552 st

139 3580 413 3646 conservationem
439 3580 704 3661 quamplurimum
724 3577 896 3645 conferunt.
931 3577 1068 3645 Cautum
1088 3595 1223 3658 namque
1244 3580 1305 3656 cst,

138 3685 179 3732 ne
202 3667 353 3749 Religiosi
376 3687 415 3734 ex
437 3668 535 3733 nimia
556 3668 598 3733 acl
619 3667 759 3732 claustra
788 3667 950 3733 hominum
972 3667 1163 3749 frequentia,
1187 3684 1207 3730 a
1229 3663 1303 3729 soli-

139 3754 261 3821 tudinis
283 3755 390 3836 quiete
413 3771 486 3821 cum
507 3773 625 3838 magna
645 3755 798 3836 temporis
825 3755 971 3836 jactura,
1007 3755 1143 3820 aliorum
1167 3752 1303 3817 admira·

138 3845 235 3922 tione,
261 3861 298 3908 ac
320 3843 458 3926 periculo
472 3842 730 3925 transgrediendi
752 3842 898 3925 regulam
914 3842 1135 3908 exturbentur:
1158 3857 1303 3907 necnon

139 3932 188 3996 eis
210 3931 353 4011 vetitum,
375 3949 416 3996 no
438 3950 476 3996 ex
498 3931 563 3997 suis
582 3929 797 3997 conventibus
817 3933 937 4012 absque
960 3930 1132 4012 superioris
1154 3929 1248 3993 vcnia
1268 3932 1302 3995 et

140 4021 208 4085 sine
246 4019 330 4083 socio
361 4018 575 4101 egrediantur.
631 4016 929 4084 Sanctimonialibus
966 4035 1090 4099 quoque
1123 4015 1302 4081 consultum

140 4113 199 4186 est,
223 4112 259 4170 ut
282 4105 321 4171 ob
343 4107 471 4173 crebros
494 4112 716 4171 extranearum
738 4124 946 4189 personarum
969 4107 1010 4170 ad
1031 4109 1133 4170 crates
1156 4121 1304 4170 accessus

140 4193 228 4260 band
249 4198 371 4260 temere
403 4194 558 4260 occasioni
580 4213 601 4259 a
621 4197 708 4260 recto
736 4191 937 4277 perfectionis
968 4186 1095 4258 tramite
1125 4191 1304 4268 declinandi

141 4300 176 4348 se
198 4281 363 4365 objiciant3
386 4281 558 4347 verendum
581 4299 652 4346 cum
675 4282 735 4360 sit,
750 4299 790 4346 ne
813 4298 851 4347 er
872 4279 1079 4346 familiaribus
1103 4297 1174 4346 com
1195 4278 1304 4361 hujus.-
