2872 4874
434 324 474 371 na
496 323 595 372 annus
616 324 806 373 noourrrcrs.
1168 314 1208 399 tr

26 466 200 548 conqueri,
224 464 302 531 dnm
319 464 413 531 detur
434 462 480 529 illi
500 464 554 546 ius
576 481 679 545 soum,
702 483 741 532 ac
755 466 943 548 praesertim
962 482 1034 531 cum
1055 464 1110 531 illo
1126 483 1210 531 sum·

28 572 168 636 mopere
189 552 347 635 indigeat

142 640 269 706 lteram
292 643 391 721 atque
413 638 545 720 iterum,
575 638 765 707 Beatissimo
787 639 893 718 Pater,
924 638 969 707 'le
991 640 1211 721 deprecamur,

36 736 73 793 ut
93 726 228 809 munes,
252 732 288 793 et
309 744 352 792 ne
375 744 487 807 maes,
510 727 603 809 quasi
624 728 704 795 tuba
726 727 833 795 exalta
847 745 954 793 vocem
977 732 1075 808 tuam,
1099 735 1133 794 et
1153 747 1212 793 an-

10 816 158 895 nuncia
179 814 257 881 huic
284 812 415 881 maculo
447 814 569 881 scelera
597 831 669 895 aaa,
705 815 876 897 etpopulo
906 832 1055 896 perverso
1077 823 1212 897 peccata
1327 810 1331 827 '

44 921 107 983 sua,
130 903 283 986 quoniam
311 900 358 967 'l'e
389 902 539 969 constitui
562 902 770 984 vigilatorem
798 910 950 969 aeternae
976 901 1137 968 hominum
1159 923 1211 970 sa-

47 990 127 1072 lutis,
151 996 186 1057 et
206 990 418 1072 deprecamur
447 989 551 1054 Deum
574 988 612 1055 Ο.
635 990 678 1055 Μ.
702 997 739 1056 ut
761 990 893 1055 dextera
922 1008 980 1055 sua
1003 993 1211 1074 omnipotenti

50 1076 91 1145 'le
108 1078 294 1163 perenniter
316 1087 485 1144 conservet
507 1083 539 1143 et
560 1077 699 1144 adiuvet.

146 1202 266 1269 Romae
290 1204 344 1266 20.
366 1199 533 1266 Februarii
559 1203 653 1267 1870.

146 1356 231 1423 Huic
250 1356 470 1439 postulacioni
492 1356 750 1437 adscripserunt
773 1363 793 1418 5
819 1358 956 1423 Caecilii
979 1358 1107 1423 Patres.

431 1774 487 1857 ro.
527 1773 833 1857 rosrumruu
886 1718 899 1745 ’

98 1948 381 2031 tumulamur
404 1948 590 2015 CONGILII
612 1950 786 2017 PATRUM
809 1951 867 2015 Al)
890 1950 1070 2016 EANDEM
1094 1952 1185 2017 REM

515 2054 737 2122 SPEOTANS‚

148 2212 357 2281 Intoleranda
389 2230 521 2296 prorsus
550 2210 638 2278 iacta
668 2218 717 2278 est
747 2231 898 2294 praesens
932 2214 1041 2277 mnndi
1076 2215 1213 2280 conditio

10 2344 32 2387 p
84 2308 174 2385 popa
196 2302 358 2369 exercitus
378 2301 458 2365 adeo
480 2300 634 2383 ingentes
652 2310 824 2383 perpetuos
847 2320 886 2367 ac
908 2310 993 2368 sorte
1010 2303 1213 2385 conscriptos.

10 2431 31 2474 ς
81 2386 232 2473 inponas
255 2389 382 2473 gravidi
408 2393 540 2471 gemunt
562 2389 679 2469 populi.
730 2389 907 2470 Impietatis
931 2390 1070 2471 spiritua
1094 2390 1213 2471 legum·

10 2518 33 2561 2
78 2493 116 2559 pne
139 2480 172 2544 in
201 2478 316 2557 rebus,
351 2483 388 2541 ut
417 2478 518 2560 ajunt,
551 2477 855 2542 iateraotioaolihas
889 2477 1004 2543 oblivio
1038 2477 1212 2543 faciliorem

10 2606 31 2647 p,
76 2568 186 2633 omino
202 2566 292 2631 viam
322 2564 469 2647 aperiunt
498 2563 590 2629 bellis
612 2563 797 2630 inchoandis
824 2564 1001 2646 illegalibus
1025 2574 1058 2632 et
1080 2567 1214 2648 inp'ustis,

10 2672 28 2731 ,j
71 2670 109 2721 sor
125 2654 231 2737 potius
253 2652 421 2718 horrendis
445 2652 595 2718 caedibus
619 2651 712 2734 longe
735 2651 861 2733 lateque
884 2655 1112 2734 grassantibus.

10 2758 22 2818 p
150 2741 237 2809 Hinc
257 2742 427 2805 imminuta
454 2758 628 2822 pauperum
652 2739 807 2819 subsirha,
839 2740 1007 2822 fractaque
1038 2742 1216 2807 commercii

10 2876 14 2886 ι
65 2830 144 2912 ndo,
165 2828 242 2895 hinc
264 2826 404 2894 humana
429 2829 631 2907 conscientia,
654 2828 704 2893 vel
728 2828 819 2893 devia
841 2831 968 2910 penitus
992 2840 1025 2894 et
1047 2831 1209 2910 aberrans,

63 2916 102 2983 rel
125 2918 255 2999 ind'npne
289 2916 391 2998 laesa,
426 2915 643 2997 plurimaeque
673 2915 802 2981 tandem
833 2918 958 2981 animae
988 2919 1019 2981 iu
1050 2925 1215 2983 aeternum

59 3011 229 3088 perermtes.

151 3092 266 3159 Tantis
296 3110 390 3173 porro
422 3089 654 3155 alandtatitus
677 3091 744 3156 sola
776 3091 895 3156 mederi
924 3097 1030 3173 potest
1058 3092 1213 3160 Ecclesia.

10 3224 12 3233 ·
60 3178 149 3267 Cujus
172 3182 270 3247 etiarn
303 3180 373 3245 uoci
395 3179 471 3245 licet
503 3197 567 3243 non
590 3197 698 3243 omnes
729 3198 838 3243 aurern
860 3181 1112 3261 accommodent,
1144 3183 1215 3262 ipsa

57 3276 158 3336 umen
179 3269 355 3335 innumeris
377 3284 502 3347 semper
524 3265 685 3330 hominum
708 3265 846 3331 millibus
862 3269 924 3332 dux
946 3268 1090 3349 praeibit,
1112 3269 1216 3334 inteu-

57 3362 181 3441 tumque
202 3357 306 3422 serius
332 3356 420 3421 ocios
443 3360 640 3434 assequetur.

157 3442 342 3524 Caeterum,
373 3442 456 3525 quod
479 3451 611 3506 aeterna
638 3439 814 3506 firmissime
842 3446 1026 3506 asserantur
1047 3443 1215 3524 principia,

57 3530 87 3597 id
104 3534 171 3615 iam
192 3552 232 3597 ex
258 3550 330 3597 sese
358 3530 493 3596 Divinae
526 3529 687 3609 Majestati
716 3534 867 3611 praestat,
898 3548 999 3610 neque
1028 3527 1135 3595 fructu
1157 3550 1214 3596 suo

58 3638 161 3685 carere
181 3625 298 3702 potent.

159 3706 208 3773 De
229 3707 287 3773 illa
317 3725 391 3773 vero
415 3704 577 3771 Ecclesiae
609 3723 679 3768 cum
710 3705 827 3770 mundo
860 3705 1027 3786 relatione,
1060 3704 1143 3785 quod
1173 3705 1215 3769 ad

62 3795 234 3875 praedictas
266 3796 384 3860 attinet
406 3794 569 3872 ueritates,
601 3793 660 3856 riri
682 3812 797 3874 graves
827 3811 996 3873 rerumque
1018 3791 1216 3873 publicarum

62 3883 158 3963 periti,
178 3884 261 3948 idern
286 3883 429 3948 sentiunt
452 3900 489 3946 ac
512 3899 574 3944 non
607 3883 700 3961 pauci
724 3881 778 3944 alii
800 3880 860 3944 uiri
882 3881 1215 3960 sanctitateinsignes

63 3966 288 4052 Religionisque
316 3970 421 4035 studio
455 3968 594 4047 accensi,
630 3986 817 4049 persuasum
852 3968 969 4033 habent
1002 3968 1215 4033 necessariam

67 4073 131 4121 esse
150 4059 274 4125 omuino
305 4057 565 4135 declarationem,
596 4074 660 4135 qua
682 4057 863 4121 authentice
893 4055 1135 4137 promulgentur
1158 4075 1215 4121 eae

64 4142 136 4223 juris
164 4146 305 4211 canonici
328 4151 451 4226 partes,
480 4163 560 4224 quae
583 4144 717 4225 adjura
746 4144 886 4224 gentium
911 4150 943 4208 et
969 4142 1043 4206 belli
1066 4150 1215 4208 naturam

69 4238 210 4313 spatam,
244 4232 363 4314 illaque
397 4234 503 4298 omnia
536 4232 718 4313 respiciunt,
745 4232 828 4296 unde
861 4230 911 4296 vel
935 4228 1038 4311 officii,
1072 4230 1124 4295 vel
1148 4250 1216 4297 sce·

70 4314 135 4384 loris
154 4322 308 4387 rationem
330 4319 447 4386 bellum
470 4320 620 4385 obtineat.

115 4437 227 4493 iltrtin,
244 4440 398 4482 Documenta.
1094 4427 1108 4475 7
