2872 4874
423 315 462 361 ιιι
484 315 640 364 normanni
663 314 842 363 earnomou.
1174 301 1216 362 25

45 457 77 520 ιιι
92 457 221 521 duabus
237 455 381 520 subsistit
396 455 517 519 naturis
533 454 692 519 distinctis
715 461 749 519 et
765 455 905 520 diversis,
941 453 989 517 Ex
1005 472 1066 534 quo
1089 455 1218 535 quidem

46 543 224 608 secundum
248 541 302 607 SS.
320 542 453 606 Patrnm
476 542 721 607 admonitionem
745 542 924 623 intelligant
948 560 1056 606 omnes
1079 549 1217 623 oportet,

49 632 219 709 essentiae,
245 629 441 694 substantiae
464 648 521 694 seu
538 639 673 694 naturae
696 631 858 695 notionem
874 648 946 694 oum
969 630 1097 693 notione
1120 629 1218 711 hypo-

49 721 155 797 stasis,
188 718 414 782 subsistentiae
445 737 502 782 seu
525 735 679 798 personae
707 718 834 781 minime
858 735 926 781 esse
950 716 1216 799 confundendam3

49 827 86 871 ne
109 825 185 870 cum
212 804 383 870 manifesta
412 806 698 871 sacratissimorum
725 806 910 887 dogmatum
941 806 1145 870 subversione
1168 811 1218 870 tot

52 912 177 975 semper
201 893 348 957 dicantur
371 911 441 958 esse
461 911 625 974 personae,
651 900 728 973 quot
750 894 815 957 sint
837 892 1070 957 intellectuales
1092 893 1158 957 sive
1180 898 1219 957 ut

52 981 227 1062 loquuntur
250 981 299 1044 sui
323 981 468 1045 consciae
490 987 633 1046 naturae.

156 1069 309 1146 Quamvis
324 1087 399 1132 vero
414 1069 668 1133 iucarnationem
683 1067 755 1132 Filii
771 1069 831 1133 Dei
845 1072 914 1132 tota
930 1067 1069 1132 Trinitas
1085 1072 1219 1149 operata

56 1158 101 1234 sit
127 1157 202 1236 quia
225 1155 451 1237 inseparabilia
473 1162 548 1220 sunt
571 1174 668 1237 opera
683 1155 863 1231 Trinitatis;
886 1154 973 1219 solus
996 1161 1105 1220 tamen
1121 1156 1218 1220 Filius

54 1243 186 1308 formam
210 1245 294 1307 servi
316 1245 439 1324 accepit
463 1245 496 1308 ιιι
520 1243 742 1324 singularitate
764 1261 927 1324 personae,
956 1261 1019 1307 non
1041 1245 1075 1306 ιιι
1098 1245 1219 1309 unitate

58 1332 181 1396 ιιιιιιιι
204 1337 349 1410 naturae,
374 1350 431 1395 seu
453 1332 486 1395 in
509 1350 557 1410 eo,
581 1331 665 1413 quod
688 1338 737 1397 est
760 1331 923 1412 proprium
945 1330 1025 1408 Filii,
1048 1350 1112 1396 non
1135 1331 1219 1412 quod

56 1437 215 1483 commune
240 1418 433 1502 Trinitatil)

157 1509 207 1570 Ex
231 1525 292 1587 quo
315 1508 412 1587 igitur
434 1505 533 1571 Filius
557 1507 625 1584 Dei,
650 1525 669 1570 a
692 1512 825 1587 paterna
847 1504 949 1585 gloria
972 1524 1036 1568 non
1058 1506 1217 1584 recedens,

58 1614 135 1658 nova
170 1595 341 1658 nativitate
371 1601 552 1674 generatus
586 1594 665 1659 haec
696 1593 805 1657 mundi
837 1591 944 1657 infima
971 1593 1134 1674 ingressus
1158 1599 1216 1672 est,

60 1682 194 1746 bumana
218 1681 257 1746 dc
280 1682 358 1761 Deo,
383 1684 435 1763 qui
458 1701 551 1746 verus
574 1689 624 1746 est
646 1682 748 1759 horno,
772 1681 866 1746 etde
889 1681 1025 1758 homine,
1050 1682 1103 1761 qui
1125 1699 1219 1746 verus

61 1776 103 1833 est
123 1770 222 1848 Deus,
258 1770 368 1834 divina
397 1773 552 1834 veraciter
584 1771 818 1850 praedicantur.
876 1768 1046 1832 Invisibilis
1074 1770 1155 1832 enim
1186 1770 1219 1834 ιιι

64 1859 118 1920 suis
140 1857 275 1922 risibilis
304 1857 406 1922 lactus
430 1864 479 1922 est
512 1859 543 1921 in
565 1859 692 1936 nostris,
723 1866 797 1922 ante
827 1862 969 1938 tempora
992 1873 1123 1920 manens
1147 1873 1219 1922 esse

66 1947 153 2025 eoepit
177 1964 218 2009 ex
241 1942 393 2027 tempore,
416 1945 620 2026 impassibilis
640 1945 727 2009 Deus
751 1962 814 2008 non
837 1944 1028 2025 dedignatus
1052 1949 1103 2007 est
1124 1945 1218 2009 homo

72 2050 124 2097 esse
144 2033 316 2114 passibilis,
342 2039 373 2097 et
397 2033 584 2097 immortalis
608 2034 717 2097 mortis
740 2032 865 2113 legibus
889 2030 1095 2111 subjacere.²)
1129 2031 1218 2108 Quae

78 2119 176 2196 quom
200 2120 434 2201 proprietatum
458 2121 623 2201 utriusque
645 2129 782 2185 naturae
811 2121 844 2182 ιιι
867 2137 931 2183 una
954 2120 1125 2199 eademque
1148 2119 1219 2183 Filii

77 2204 116 2270 lbi
125 2225 262 2288 persona
277 2209 462 2287 communio,
487 2209 569 2273 sicut
590 2209 624 2271 in
640 2208 821 2289 apostolicis
839 2214 871 2272 et
887 2206 1076 2288 evangelicis
1092 2207 1218 2287 scriptis

72 2294 267 2374 manifestata,
301 2297 348 2360 ita
388 2303 542 2377 perpetuo
572 2296 703 2360 Patrum
741 2314 897 2361 consensu
927 2295 1048 2360 tradita
1078 2302 1110 2358 et
1146 2312 1218 2357 san-

67 2383 115 2446 n'ta
137 2390 200 2447 est.

155 2469 273 2536 Servat
303 2471 434 2551 proinde
464 2477 599 2552 utraque
623 2479 737 2535 natura
766 2473 863 2536 etiam
886 2478 959 2551 post
982 2471 1127 2535 unionem
1152 2469 1219 2534 sine

63 2556 179 2623 delectu
202 2559 433 2640 proprietatem
458 2577 566 2624 suam:
595 2560 743 2639 quonlam
772 2578 831 2624 nec
854 2559 939 2623 Deus
963 2563 1104 2622 mutatur
1126 2559 1220 2622 mise-

62 2647 184 2723 ratione,
210 2664 270 2710 nec
293 2645 386 2711 homo
411 2648 606 2712 consumitur
622 2646 819 2728 dignitate.³)
856 2645 961 2722 Quare
984 2647 1066 2711 sicut
1090 2645 1171 2710 duae
1186 2646 1220 2710 in

61 2729 180 2798 Christo
211 2739 355 2813 naturae,
381 2735 426 2798 ita
443 2734 523 2798 duae
550 2734 731 2799 voluntates
754 2739 787 2797 et
803 2735 1001 2815 operationes
1025 2733 1220 2798 confitendae

59 2827 143 2885 sunt:
167 2839 250 2884 unus
273 2826 382 2885 tamen
404 2828 438 2886 et
459 2823 544 2887 idem
567 2829 718 2903 operator
741 2829 867 2886 nostrae
884 2821 1005 2900 salutis,
1030 2821 1220 2901 Unigenitus

60 2905 122 2986 Dei,
147 2909 202 2989 qui
225 2927 283 2989 per
306 2909 442 2972 divinam
470 2910 585 2988 divina,
620 2909 760 2974 humana
787 2908 1038 2991 perhumanum
1073 2915 1225 2989 naturam¹

58 2995 187 3060 indivise
202 3004 235 3060 et
256 2994 420 3061 inconfuse
436 3001 595 3079 oporatur,
620 3016 677 3077 per
699 2995 832 3061 formam
849 2995 908 3060 Dei
932 3014 1100 3061 coruscans
1123 2997 1220 3060 mira-

59 3083 140 3162 culis
165 3088 196 3148 et
218 3083 251 3147 ιιι
275 3083 377 3148 forma
400 3086 483 3148 servi
506 3086 715 3149 succumbens
737 3084 902 3164 injuriis.⁴)
936 3089 1051 3147 Atvero
1075 3085 1162 3148 carni
1186 3088 1219 3148 et

57 3171 201 3252 sanguini
229 3173 422 3254 participans
450 3191 520 3236 eum
550 3170 735 3237 infirmitate
764 3178 899 3236 naturae
927 3171 1038 3250 cnlpae
1061 3171 1219 3236 maculam

57 3277 255 3339 nequaquam
271 3260 460 3340 suscepite
443 3261 574 3324 etlicet
589 3279 663 3324 vero
687 3259 786 3324 libero
803 3259 913 3408 arbit
873 3266 935 3323 trro
959 3257 1131 3338 praeditus
1157 3277 1220 3324 non

57 3346 156 3410 solum
179 3365 243 3412 non
266 3349 417 3446 peccavit,
448 3348 505 3412 sed
528 3367 585 3411 nec
615 3366 750 3428 peccare
772 3351 874 3446 pontt
940 3345 1001 3423 Qui
1023 3363 1124 3425 neque
1147 3364 1220 3427 pas-

57 3435 195 3500 sionibus
224 3435 349 3499 animae
372 3441 429 3500 aut
459 3437 561 3500 carnis
584 3435 845 3516 concupiscentiis
872 3432 1020 3497 molestat
971 3438 1058 3497 taus
1088 3433 1219 3498 amalis
1251 3477 1255 3481 -

56 3522 209 3602 paulatim
232 3540 303 3586 sese
332 3525 477 3603 separavi
479 3524 534 3605 ιι)
567 3541 676 3587 verum
699 3523 731 3586 ιιι
753 3520 940 3603 purissimae
962 3521 1105 3601 birginis
1128 3525 1219 3586 utero

56 3609 92 3674 de
115 3609 240 3692 Spiritu
262 3608 379 3676 Sancto
403 3617 530 3675 sanetus
554 3616 724 3690 conceptus
747 3617 780 3674 et
802 3615 896 3673 natus
920 3616 979 3674 est.

158 3697 213 3763 Sic
244 3697 448 3763 nihilominus
473 3699 559 3763 Deus
589 3697 698 3762 dilexit
728 3696 890 3777 mundum,
925 3702 961 3759 ut
988 3695 1072 3760 hunc
1103 3693 1219 3759 Filium

53 3802 143 3850 suum
174 3786 377 3866 unigenitum
407 3788 565 3852 victimam
597 3786 697 3864 daret,
733 3802 876 3865 eumque,
910 3785 1054 3864 quinon
1087 3788 1220 3847 noverat

50 3881 228 3954 peccatum,
262 3875 435 3954 pronubis
467 3877 633 3954 peccatum
663 3873 791 3937 faceret.
848 3872 935 3936 Talis
959 3872 1042 3936 enim
1075 3870 1216 3950 decebat,

49 3999 267 4008 a—-ffl

159 4050 182 4118 ¹)
206 4047 290 4104 (lonc
309 4046 400 4104 Tolet
419 4047 466 4100 XI.
487 4047 563 4101 Conf
583 4048 675 4150 fideia

157 4121 183 4258 ⁴3
202 4117 430 4255 {ppgoffiaffhp
433 4117 590 4244 aialdclgrlracv
596 4188 648 4255 Ep.
659 4116 809 4241 Hllllgtlmc·
829 4187 889 4240 Lat.
909 4186 929 4238 l.
950 4186 1000 4238 sub
1018 4183 1147 4237 Martino.
1166 4182 1220 4250 Ep.

46 4260 73 4315 S
91 4257 414 4397 Μοὲιίεῦῗιῗιιῑξὲιιιω.
434 4328 467 4385 l.
486 4344 545 4382 can.
567 4331 606 4380 12.
