2872 4874
512 314 532 365 a
591 311 630 356 nn
653 310 834 358 nisorrnms.
1235 299 1296 358 161

170 450 256 517 lucrari
275 450 430 527 nituntur,
452 457 486 514 et
509 467 598 531 quae,
623 450 663 515 ob
686 468 814 515 caumm
846 450 985 532 aliquam
1012 450 1183 530 nulhtatiS,
1216 470 1299 533 quae

169 540 227 619 ipsos
246 556 373 620 prorsus
396 537 485 618 latet,
510 536 618 603 valore
640 555 697 602 suo
721 539 948 603 destituuntur.
956 539 981 621 1)

116 840 118 848 Ι
168 753 205 816 lu
223 748 381 816 waceaint
404 746 489 830 leges
516 747 728 812 abstinentiae
750 752 780 812 et
796 747 919 828 jejunii
951 749 994 812 nd
1024 750 1195 829 quomdam
1224 745 1316 814 ont‘

358 853 557 934 formitatem
579 851 698 932 reduci,
724 852 772 916 cel
795 854 889 916 etiam
913 854 1071 936 mitigari.

244 992 377 1058 Constat
403 1011 458 1057 eas
485 991 649 1058 Ecclesiae
678 992 765 1073 leges
794 1011 877 1073 quae
905 993 946 1058 ad
973 994 1196 1058 abstinentiam
1215 993 1298 1076 jeju-

168 1082 284 1162 dunque
307 1087 461 1163 spectant,
485 1099 549 1144 non
572 1081 691 1157 eodem,
715 1080 772 1144 sed
796 1080 888 1146 valde
904 1080 1027 1147 diverso
1043 1082 1135 1148 modo
1156 1082 1189 1146 in
1202 1084 1298 1149 variis

168 1169 316 1250 regionibus
339 1169 513 1233 observari.

243 1255 375 1322 Constat
397 1256 504 1334 etiam,
527 1254 681 1320 luctuosis
704 1255 790 1320 hisce
813 1257 931 1321 nostris
954 1257 1165 1338 temporibus,
1188 1276 1298 1339 novas,

167 1361 341 1425 perparvae,
365 1343 478 1408 adesse
502 1342 703 1409 difficultates
727 1343 870 1423 integrae
893 1344 1026 1408 istorum
1055 1353 1299 1427 praeceptorum

167 1431 356 1508 obsermtioni,
381 1430 464 1496 unde
487 1429 523 1495 fit
546 1438 581 1495 ut
603 1432 729 1511 saepius
753 1450 813 1495 non
838 1432 1048 1512 particulares
1075 1438 1215 1514 tantum,
1242 1435 1298 1499 sed

167 1522 234 1585 etiam
254 1519 420 1600 generales
443 1521 510 1600 peti
533 1524 565 1583 et
588 1518 716 1583 concedi
739 1518 876 1583 debeant
898 1519 1157 1601 dispensationes

135 1606 138 1611 ’
243 1607 390 1672 Forsitan
419 1624 496 1688 ergo
526 1606 612 1671 haud
643 1607 754 1671 inutile
783 1604 866 1671 foret
896 1625 991 1688 super
1024 1606 1083 1672 hac
1113 1610 1299 1686 quaestione

168 1689 310 1760 Concihum
335 1695 572 1761 oecumenicum
594 1695 753 1775 inquirere
775 1694 852 1775 quid
874 1694 1033 1776 agendum
1055 1695 1121 1760 sit?

207 1903 247 1971 De
261 1906 335 1987 pila
358 1905 563 1988 imomuc'bus,
588 1904 626 1967 de
649 1902 816 1968 ra-iroculis
839 1909 869 1968 et
891 1903 930 1967 dc
952 1903 1043 1968 uoces
1066 1904 1241 1972 deuotionis

631 2009 800 2088 praeibas.

240 2149 373 2232 Saepius
396 2151 540 2229 eduntur,
574 2155 606 2213 et
629 2150 712 2213 inter
743 2147 855 2212 fideles
887 2155 1106 2230 propagantur
1145 2150 1299 2231 imagines

169 2233 222 2316 plu,
241 2246 276 2304 ut
300 2238 458 2317 dicuntur,
482 2256 617 2317 quorum
639 2235 689 2299 vel
711 2237 844 2317 ipsemet
859 2244 1041 2319 conceptus,
1064 2237 1117 2302 vel
1135 2237 1299 2319 graphidis
1340 2248 1344 2254 '

116 2329 277 2515 harmatio
300 2327 347 2390 ita
370 2324 504 2390 ridicula
527 2333 609 2403 sunt,
634 2333 671 2389 ut
693 2342 756 2388 non
778 2324 840 2388 nisi
863 2323 904 2389 ad
928 2324 1096 2391 cachinnos
1118 2325 1299 2406 movendos

166 2408 361 2495 rdgionisque
383 2421 594 2494 contemptum
631 2411 865 2493 provocandum
904 2418 998 2493 aptae
1028 2430 1097 2477 esse
1120 2412 1298 2479 videantur.

165 2493 221 2564 Item
241 2500 394 2567 miracula
407 2499 641 2580 publicantur,
677 2517 774 2580 quae,
805 2497 1036 2581 Episcoporum
1068 2501 1204 2565 examini
1226 2506 1301 2566 anta

164 2581 385 2670 divulgationem
408 2607 472 2652 non
495 2589 653 2670 subjecta,
688 2587 819 2668 posthac
852 2586 933 2651 falsa
965 2587 1016 2652 vel
1043 2587 1115 2653 dolo
1139 2588 1300 2670 supposita

164 2687 212 2740 aaa
230 2678 440 2759 reperiuntur,
465 2695 527 2740 non
550 2678 618 2740 sine
641 2693 756 2757 nragno
779 2693 926 2739 verorum
949 2675 1173 2741 miraculorum
1202 2677 1302 2741 detri-
1365 2697 1368 2702 ·

163 2769 252 2828 nanto.
289 2766 372 2829 Item
388 2764 495 2845 aliqui,
520 2763 691 2827 indiscreto
713 2763 780 2828 nelo
805 2762 892 2828 ducti
914 2765 1016 2845 magis
1040 2781 1134 2844 quam
1158 2782 1301 2846 eaquae

163 2851 309 2916 secundum
332 2853 496 2916 scientiam
520 2861 569 2915 est
590 2852 720 2932 pietate,
744 2868 843 2915 novas
866 2850 899 2913 in
921 2851 1058 2915 medium
1081 2851 1246 2932 proferunt
1268 2861 1302 2918 et

163 2928 281 3005 fidelibus
304 2949 486 3021 proponunt
509 2939 710 3016 devotiones,
743 2956 903 3019 novasque
931 2939 1034 3002 cultus
1062 2957 1194 3019 praxes,
1228 2940 1302 3022 plus

162 3021 280 3115 murare
304 3030 448 3093 absonas.
488 3027 661 3091 Innovetur
676 3026 775 3106 igitur
790 3026 952 3090 decretum
976 3024 1099 3091 concilii
1114 3025 1301 3106 Tridentini,

161 3116 229 3184 Juxta
249 3117 331 3196 quod
359 3115 438 3180 haec
467 3116 586 3194 omnia,
622 3123 791 3194 antequam
820 3113 1039 3194 publicentur,
1072 3113 1301 3196 Episcoporum

163 3203 275 3267 exomni
298 3205 442 3269 submitti
464 3203 590 3268 debent.

262 3412 312 3477 De
335 3413 453 3477 diariis
475 3412 639 3477 catholicis
661 3410 867 3476 eruderandos
890 3416 919 3474 ct
942 3412 1181 3492 compescendis.

244 3553 340 3618 Tristi
363 3553 557 3634 experientia
582 3557 707 3615 constat
723 3550 858 3631 plurima
873 3551 965 3628 mala,
990 3569 1089 3632 eaque
1105 3552 1300 3633 gravissima,

159 3633 324 3706 profluxisse
348 3641 380 3705 in
402 3659 470 3705 reru
493 3639 651 3721 publicam
675 3630 879 3703 christianam
903 3657 939 3702 ex
956 3639 1064 3704 diariis
1080 3641 1176 3703 etiam
1194 3639 1302 3704 catho-

157 3762 348 3792 N„-

194 3870 196 3875 -
249 3831 268 3901 1)
287 3832 326 3886 Cf.
345 3831 490 3886 Postulata
509 3830 609 3884 Concil.
629 3829 704 3884 Trid.
723 3831 878 3896 proposita:

248 3903 397 3971 „Prolusus
417 3899 472 3960 ille,
492 3910 602 3967 tamque
621 3901 768 3966 generalis,
787 3900 1022 3966 Indulgentiarum
1035 3906 1197 3953 coerceatur
1209 3915 1301 3954 nume-

147 3961 203 4026 fussi
231 3989 279 4027 nec
298 3990 358 4027 eum
377 3973 483 4038 aliquas
510 3972 644 4037 elargitur
663 3971 872 4035 Sanctissimae,
901 3986 947 4024 eas
971 3969 1054 4024 alteri
1077 3969 1302 4038 communicandi,

145 4022 378 4110 tran&serendique
396 4051 564 4109 potestatem
583 4041 704 4094 habeant
723 4041 763 4092 illi
783 4041 881 4108 quibus
900 4055 1049 4094 concessae
1067 4037 1211 4095 luerunt.“

247 4113 399 4180 ,Pristinus
418 4113 575 4165 immutetur
596 4111 829 4178 Indulgentiarum
849 4110 1032 4163 concessionis
1051 4109 1139 4176 stylus
1159 4118 1186 4162 et
1203 4109 1301 4177 forma,

135 4164 186 4216 ¹¹⁹⁰
206 4183 243 4236 ad
260 4192 303 4238 tot
328 4199 474 4249 annorum,
500 4181 659 4248 dierumque
684 4181 820 4248 myriades
846 4180 1031 4234 extendantur
1056 4194 1084 4232 ee
1111 4187 1301 4247 numerentur3

126 4232 183 4337 {ed
203 4254 241 4307 ad
260 4264 385 4321 quartam
405 4252 547 4316 dunmxat,
565 4262 701 4306 certamve
720 4251 841 4319 peccatis
860 4251 976 4303 debitam
995 4265 1101 4316 poenae
1114 4251 1302 4305 remissionem

145 4301 156 4344 t
179 4324 387 4378 relaxationem
405 4339 434 4376 se
454 4322 630 4377 extendarrt“.
650 4321 770 4388 (Postul.
790 4321 858 4387 Reg.
877 4319 1013 4388 Lusitan.)

185 4413 318 4481 Martia,
333 4427 487 4470 Documenta.
1162 4429 1194 4478 ll
