2872 4874
215 284 231 327 r
596 283 636 330 uu
659 283 838 330 mscmnms.
1250 271 1315 331 143.

168 423 254 502 idque,
289 430 443 503 quantum
473 421 542 486 fieri
577 423 711 502 poterit,
742 422 964 500 communiter,
1000 423 1065 487 sive
1094 422 1127 485 iu
1150 423 1314 488 seminarii

167 509 270 590 umoris
292 509 438 590 aedibus,
473 511 594 576 sivein
617 511 728 590 quovis
751 509 814 574 alio
838 510 908 574 loco
939 509 993 590 qui
1028 509 1180 574 adhunc
1209 509 1311 576 finem

166 599 244 679 aptior
269 597 440 664 videbitur.

168 773 198 839 11
215 773 372 840 exercitiis
399 772 627 854 spiritualibus
654 772 915 855 presbyterorum
934 772 1104 852 (ocaltotes
1131 771 1316 839 latissimae

496 877 703 955 confessorias
726 877 949 942 concedendae.

96 1082 111 1096 ἡ
245 1015 429 1081 Facultates
452 1016 640 1096 latissimae,
670 1023 740 1080 tum
762 1017 867 1097 quoad
898 1035 992 1081 casus
1015 1023 1210 1098 reservatoS,
1240 1024 1308 1083 tum

96 1104 105 1167 ζ
167 1105 244 1184 quoad
266 1122 418 1170 censuras
442 1109 474 1168 et
496 1103 757 1185 irregularitates‚
783 1105 1012 1184 impertiendae
1032 1111 1149 1184 essent,
1173 1124 1236 1170 nou
1250 1124 1314 1187 per·

167 1192 304 1265 indultum,
330 1192 386 1256 sed
409 1210 466 1272 per
490 1192 618 1257 modum
642 1192 853 1257 concessionis
882 1193 1040 1273 generalis
1069 1199 1101 1258 et
1123 1199 1307 1276 perpetuae,

96 1336 110 1345 ..
167 1279 337 1346 amassariis
373 1279 413 1345 ab
437 1278 602 1360 Episcopis
637 1278 817 1362 specialiter
848 1279 1022 1360 designatis
1067 1281 1108 1345 ad
1135 1282 1313 1346 audiendas

96 1350 113 1459 ᾗ
168 1366 349 1432 uricssioues
373 1367 574 1432 sacerdotum
597 1367 814 1449 spiritualibus
837 1368 994 1432 exercitiis
1017 1369 1050 1432 in
1073 1371 1232 1434 communi
1252 1389 1308 1434 va-

96 1450 102 1461 '
167 1457 288 1521 ctutum.
334 1455 427 1520 Hanc
457 1458 609 1535 gratiam,
644 1456 676 1518 in
701 1453 841 1520 Concilio
864 1456 1032 1536 Vaticano,
1066 1458 1313 1539 abeniguitate

96 1597 113 1620 η
167 1539 186 1605 S.
203 1541 355 1608 Pontificis
379 1542 507 1608 concedi
531 1548 713 1607 reverenter
737 1542 927 1625 postulatur.

299 1751 351 1817 De
374 1752 441 1816 vito
465 1753 622 1817 communi
644 1752 680 1816 11
705 1750 798 1816 Claro
820 1751 981 1816 soeculari
1000 1752 1147 1831 sooeado.

248 1873 328 1940 Cum
351 1875 429 1939 nihil
452 1876 547 1939 sitin
571 1875 785 1940 ecclesiastica
808 1874 975 1955 disciplina
997 1879 1030 1938 et
1052 1876 1177 1955 spiritui
1198 1876 1312 1943 acae-

167 1961 224 2041 siac,
255 1969 288 2028 et
322 1963 461 2042 antiquis
496 1963 686 2041 canonibus,
723 1970 755 2027 et
786 1962 936 2044 exemplis
967 1971 1148 2027 sanctorum
1179 1970 1307 2044 patrum

166 2051 243 2131 mgis
276 2068 462 2130 consonum,
498 2068 593 2130 quam
621 2050 695 2114 Vita
730 2051 906 2114 communis
931 2049 1142 2130 0111111111,
1178 2069 1215 2133 er
1242 2069 1306 2131 qua

166 2138 294 2202 ruinae
330 2145 415 2202 certe
454 2138 707 2218 multiplicesque
741 2137 899 2218 profluere
933 2146 1105 2203 noscuntur
1139 2137 1310 2219 utilitates,

166 2229 213 2288 tm
231 2244 288 2307 pro
311 2243 436 2290 mamm
458 2227 644 2307 integritate
667 2226 767 2289 tutius
797 2225 968 2306 servanda,
1000 2232 1066 2290 tum
1097 2243 1154 2306 pro
1185 2227 1306 2306 pietate

165 2315 327 2382 etscientia
350 2314 479 2378 uberius
503 2312 689 2393 excolendis,
713 2319 782 2377 tum
805 2331 863 2394 pro
886 2331 975 2378 sacro
1003 2313 1178 2378 ministerio
1202 2315 1310 2394 magis-

165 2402 337 2466 concorditer
360 2409 392 2464 et
414 2399 574 2464 fructuose
605 2401 794 2479 exercendo,
826 2401 1012 2465 adhortetur
1035 2400 1206 2466 Concilium
1230 2401 1304 2483 Epi·

166 2499 254 2568 scopos
276 2495 322 2568 ut,
346 2488 555 2568 quantumin
578 2488 713 2553 Domino
735 2488 873 2567 dabitur,
900 2488 972 2554 huic
995 2495 1125 2555 sauctae
1148 2490 1305 2554 communi

165 2570 326 2640 clericorum
349 2576 435 2640 vitae
459 2574 565 2641 lavere
587 2576 765 2641 omnimodo
789 2581 948 2657 satagant.

247 2664 459 2745 Quapropter:
498 2669 529 2727 1⁰
552 2663 715 2742 Statuam,
750 2700 793 2708 -
827 2669 864 2727 ut
897 2665 931 2727 in
964 2663 1072 2728 multis
1107 2663 1310 2730 dioecesibus

96 2790 98 2819 ÷
162 2744 261 2823 jandiu
290 2751 340 2831 fit,
377 2789 416 2798 —
450 2751 609 2832 quoslibet
635 2751 853 2832 paroeciarum
883 2751 1017 2816 vicarios
1051 2770 1123 2816 cum
1156 2751 1311 2834 parochis.

96 2874 100 2901 t
163 2834 227 2914 suis,
248 2838 306 2903 sub
330 2839 440 2904 eodem
473 2845 558 2904 tecto
587 2839 773 2903 commorari
806 2838 938 2917 debere,
976 2844 1008 2902 et
1039 2839 1138 2903 eidem
1174 2858 1304 2904 mensae

164 2923 291 2991 assidere.
340 2932 372 2990 2⁰
394 2925 604 2992 Sacerdotum
627 2925 836 2991 saecularium
859 2926 1145 3006 communitatibus,
1170 2927 1221 2991 vel
1243 2928 1312 3009 piis⁴

162 3010 332 3102 quibuslibet
366 3014 602 3093 sodalitatibus,
646 3015 704 3079 sub
742 3013 873 3078 diversis
909 3012 1016 3077 formis
1053 3032 1090 3077 ac
1124 3015 1304 3079 nominibus

96 3154 98 3161 .
161 3099 293 3167 nstitutis
316 3100 366 3165 vel
382 3101 591 3177 instituendis,
616 3120 739 3166 omnem
761 3099 903 3166 favorem
919 3106 952 3165 et
967 3103 1106 3183 gratiam
1128 3107 1303 3183 praestent.

96 3190 99 3277 ξ
162 3181 184 3240 3⁰
202 3183 279 3254 Nihil
303 3190 429 3254 demum
451 3189 618 3271 negligant
641 3195 673 3253 et
695 3191 888 3253 intentatum
911 3187 1105 3269 relinquant,
1130 3194 1166 3252 ut
1190 3187 1309 3254 Olenus-

96 3280 100 3335 1
160 3277 311 3341 actuaris
335 3296 354 3341 a
377 3285 523 3358 separato
547 3278 602 3341 illo
626 3283 658 3341 et
682 3276 824 3341 solitario
848 3277 974 3341 vivendi
996 3277 1104 3356 modo,
1133 3277 1188 3357 qui
1210 3278 1304 3343 nimis

158 3368 276 3429 amorem
306 3366 468 3446 proprium
492 3366 590 3447 sapit,
625 3365 666 3429 ad
694 3363 971 3442 cohabitationem,
1001 3365 1194 3445 convictum,
1231 3384 1311 3431 con--

154 3446 360 3583 mistionem,
395 3471 474 3533 quae
499 3455 665 3517 caritatem
689 3451 836 3516 redolent
859 3458 891 3516 et
918 3453 1029 3517 unioni
1059 3451 1176 3532 favent,
1200 3460 1305 3517 trans-

162 3542 269 3607 oratur.
821 3563 823 3568 ·

276 3712 329 3778 Dc
351 3713 523 3778 molieram
546 3716 582 3778 ia
605 3713 749 3778 domibus
771 3713 971 3777 sacerdotum
991 3712 1167 3793 famulata.

244 3853 433 3919 Sacerdotes
457 3873 476 3918 a
499 3854 647 3919 domibus
666 3855 731 3917 suis
755 3854 805 3917 vel
828 3871 960 3934 prorsus
983 3851 1169 3917 famulatum
1193 3852 1309 3917 mulie--

140 3935 210 4004 “lm
231 3941 417 4018 excludant;
450 3942 501 4006 vel
533 3936 562 4006 si
590 3942 728 4022 aliquam
761 3941 923 4007 mulierem
956 3942 987 4004 in
1020 3939 1169 4004 famulam
1193 3939 1303 4005 haberi

136 4021 268 4096 1ltcesse
290 4030 399 4108 luerit,
435 4029 571 4109 eligatur
602 4048 681 4109 quae
711 4030 794 4093 vitae
829 4029 871 4093 sit
898 4029 1024 4093 omnino
1047 4027 1307 4108 probatissimae,

135 4091 304 4199 famaeque
333 4119 575 4198 integerrimae3
609 4136 667 4182 nec
699 4122 806 4182 aetate
835 4118 936 4180 minor
967 4133 1061 4197 quam
1094 4114 1305 4195 quadraginta

134 4197 236 4283 tuuis,
261 4206 322 4269 nisi
346 4206 388 4269 sit
411 4224 450 4270 ex
471 4205 510 4269 iis
534 4205 673 4285 proxime
697 4205 851 4287 cognatis,
876 4222 955 4283 quas
980 4204 1021 4266 ab
1044 4203 1182 4281 antiquis
1206 4203 1304 4267 etiam
1332 4285 1334 4287 ι

133 4287 310 4359 sauombus
334 4311 406 4359 cum
428 4292 624 4373 presbyteris
647 4294 793 4360 habiture
817 4309 1000 4358 concessum
1024 4296 1104 4355 erat.
