<?xml version="1.0" encoding="UTF-8"?>
<!DOCTYPE html PUBLIC "-//W3C//DTD XHTML 1.0 Transitional//EN"
    "http://www.w3.org/TR/xhtml1/DTD/xhtml1-transitional.dtd">
<html xmlns="http://www.w3.org/1999/xhtml" xml:lang="en" lang="en">
 <head>
  <title>
</title>
<meta http-equiv="Content-Type" content="text/html;charset=utf-8" />
  <meta name='ocr-system' content='tesseract 3.04.00' />
  <meta name='ocr-capabilities' content='ocr_page ocr_carea ocr_par ocr_line ocrx_word'/>
</head>
<body>
  <div class='ocr_page' id='page_1' title='image "./omniumconciliiv00martgoog_0138.png"; bbox 0 0 2872 4874; ppageno 0'>
   <div class='ocr_carea' id='block_1_1' title="bbox 490 323 1198 383">
    <p class='ocr_par' dir='ltr' id='par_1_1' title="bbox 490 323 1198 383">
     <span class='ocr_line' id='line_1_1' title="bbox 490 323 1198 383; baseline 0.004 -3"><span class='ocrx_word' id='word_1_1' title='bbox 490 333 530 380; x_wconf 90' lang='lat' dir='ltr'>nn</span> <span class='ocrx_word' id='word_1_2' title='bbox 552 334 734 382; x_wconf 86' lang='lat' dir='ltr'>nnscnrnmn.</span> <span class='ocrx_word' id='word_1_3' title='bbox 1137 323 1198 383; x_wconf 77' lang='lat'>125</span> 
     </span>
    </p>
   </div>
   <div class='ocr_carea' id='block_1_2' title="bbox 10 471 1199 1519">
    <p class='ocr_par' dir='ltr' id='par_1_2' title="bbox 11 471 1199 734">
     <span class='ocr_line' id='line_1_2' title="bbox 70 471 1198 556; baseline 0.001 -14.95"><span class='ocrx_word' id='word_1_4' title='bbox 70 475 203 554; x_wconf 80' lang='lat' dir='ltr'>inspiciant</span> <span class='ocrx_word' id='word_1_5' title='bbox 223 479 258 538; x_wconf 92' lang='lat' dir='ltr'>et</span> <span class='ocrx_word' id='word_1_6' title='bbox 281 473 456 556; x_wconf 81' lang='lat' dir='ltr'><strong>explorent.</strong></span> <span class='ocrx_word' id='word_1_7' title='bbox 503 471 643 538; x_wconf 89' lang='lat' dir='ltr'>Caveant</span> <span class='ocrx_word' id='word_1_8' title='bbox 670 480 779 538; x_wconf 89' lang='lat' dir='ltr'>tamen</span> <span class='ocrx_word' id='word_1_9' title='bbox 808 491 848 537; x_wconf 90' lang='lat' dir='ltr'>ne</span> <span class='ocrx_word' id='word_1_10' title='bbox 871 474 927 539; x_wconf 92' lang='lat' dir='ltr'>ulli</span> <span class='ocrx_word' id='word_1_11' title='bbox 950 493 1063 555; x_wconf 79' lang='lat' dir='ltr'>graves</span> <span class='ocrx_word' id='word_1_12' title='bbox 1086 495 1198 542; x_wconf 90' lang='lat' dir='ltr'>onero·</span> 
     </span>
     <span class='ocr_line' id='line_1_3' title="bbox 71 561 1199 643; baseline 0.004 -19"><span class='ocrx_word' id='word_1_13' title='bbox 71 563 116 626; x_wconf 83' lang='lat' dir='ltr'>sina</span> <span class='ocrx_word' id='word_1_14' title='bbox 132 564 194 640; x_wconf 88' lang='lat' dir='ltr'>sint,</span> <span class='ocrx_word' id='word_1_15' title='bbox 216 569 251 626; x_wconf 89' lang='lat' dir='ltr'>et</span> <span class='ocrx_word' id='word_1_16' title='bbox 272 561 314 624; x_wconf 92' lang='lat' dir='ltr'>ab</span> <span class='ocrx_word' id='word_1_17' title='bbox 336 561 511 626; x_wconf 86' lang='lat' dir='ltr'>immodicis</span> <span class='ocrx_word' id='word_1_18' title='bbox 543 561 772 642; x_wconf 87' lang='lat' dir='ltr'>superfluisque</span> <span class='ocrx_word' id='word_1_19' title='bbox 804 563 980 643; x_wconf 85' lang='lat' dir='ltr'>sumptibus</span> <span class='ocrx_word' id='word_1_20' title='bbox 1007 563 1199 641; x_wconf 89' lang='lat' dir='ltr'>abstineant,</span> 
     </span>
     <span class='ocr_line' id='line_1_4' title="bbox 71 646 1198 734; baseline 0.004 -22"><span class='ocrx_word' id='word_1_21' title='bbox 71 667 189 714; x_wconf 83' lang='lat' dir='ltr'>memores</span> <span class='ocrx_word' id='word_1_22' title='bbox 210 649 408 714; x_wconf 84' lang='lat' dir='ltr'><strong>sanctionum</strong></span> <span class='ocrx_word' id='word_1_23' title='bbox 432 667 514 729; x_wconf 87' lang='lat' dir='ltr'>quae</span> <span class='ocrx_word' id='word_1_24' title='bbox 537 656 602 713; x_wconf 86' lang='lat' dir='ltr'>tarn</span> <span class='ocrx_word' id='word_1_25' title='bbox 626 651 658 712; x_wconf 92' lang='lat' dir='ltr'>in</span> <span class='ocrx_word' id='word_1_26' title='bbox 675 646 816 713; x_wconf 82' lang='lat' dir='ltr'>Concilio</span> <span class='ocrx_word' id='word_1_27' title='bbox 832 650 1044 731; x_wconf 85' lang='lat' dir='ltr'>Lugdunensi,</span> <span class='ocrx_word' id='word_1_28' title='bbox 1053 652 1080 734; x_wconf 86' lang='lat'>1)</span> <span class='ocrx_word' id='word_1_29' title='bbox 1103 670 1198 733; x_wconf 89' lang='lat' dir='ltr'>quarn</span> 
     </span>
    </p>

    <p class='ocr_par' dir='ltr' id='par_1_3' title="bbox 10 734 1198 1519">
     <span class='ocr_line' id='line_1_5' title="bbox 71 734 1053 818; baseline 0.005 -21"><span class='ocrx_word' id='word_1_30' title='bbox 71 737 89 799; x_wconf 87' lang='lat' dir='ltr'>in</span> <span class='ocrx_word' id='word_1_31' title='bbox 105 734 228 801; x_wconf 82' lang='lat' dir='ltr'>Concilio</span> <span class='ocrx_word' id='word_1_32' title='bbox 252 736 471 818; x_wconf 68' lang='lat' dir='ltr'>Tridentin02)</span> <span class='ocrx_word' id='word_1_33' title='bbox 494 737 554 802; x_wconf 91' lang='lat' dir='ltr'>hac</span> <span class='ocrx_word' id='word_1_34' title='bbox 578 754 674 818; x_wconf 89' lang='lat' dir='ltr'>super</span> <span class='ocrx_word' id='word_1_35' title='bbox 696 756 732 800; x_wconf 90' lang='lat' dir='ltr'>rc</span> <span class='ocrx_word' id='word_1_36' title='bbox 756 738 948 801; x_wconf 83' lang='lat' dir='ltr'>constitutae</span> <span class='ocrx_word' id='word_1_37' title='bbox 971 745 1053 803; x_wconf 89' lang='lat' dir='ltr'>sunt.</span> 
     </span>
     <span class='ocr_line' id='line_1_6' title="bbox 143 824 1195 906; baseline 0.004 -19"><span class='ocrx_word' id='word_1_38' title='bbox 143 825 295 902; x_wconf 81' lang='lat' dir='ltr'>Quoniam</span> <span class='ocrx_word' id='word_1_39' title='bbox 319 843 394 889; x_wconf 83' lang='lat' dir='ltr'>vero</span> <span class='ocrx_word' id='word_1_40' title='bbox 416 825 532 906; x_wconf 76' lang='lat' dir='ltr'>legum,</span> <span class='ocrx_word' id='word_1_41' title='bbox 565 825 627 889; x_wconf 92' lang='lat' dir='ltr'>etsi</span> <span class='ocrx_word' id='word_1_42' title='bbox 649 825 850 905; x_wconf 90' lang='lat' dir='ltr'>optimarum,</span> <span class='ocrx_word' id='word_1_43' title='bbox 883 824 1005 889; x_wconf 88' lang='lat' dir='ltr'>utilitas</span> <span class='ocrx_word' id='word_1_44' title='bbox 1029 825 1114 890; x_wconf 90' lang='lat' dir='ltr'>nulla</span> <span class='ocrx_word' id='word_1_45' title='bbox 1137 835 1195 906; x_wconf 92' lang='lat' dir='ltr'>est,</span> 
     </span>
     <span class='ocr_line' id='line_1_7' title="bbox 68 912 1198 993; baseline 0.004 -19"><span class='ocrx_word' id='word_1_46' title='bbox 68 912 105 975; x_wconf 89' lang='lat' dir='ltr'>nisi</span> <span class='ocrx_word' id='word_1_47' title='bbox 122 913 221 993; x_wconf 90' lang='lat' dir='ltr'>reipsa</span> <span class='ocrx_word' id='word_1_48' title='bbox 242 918 390 976; x_wconf 89' lang='lat' dir='ltr'>accurate</span> <span class='ocrx_word' id='word_1_49' title='bbox 413 912 616 992; x_wconf 82' lang='lat' dir='ltr'>impleantur,</span> <span class='ocrx_word' id='word_1_50' title='bbox 650 930 739 976; x_wconf 89' lang='lat' dir='ltr'>sacro</span> <span class='ocrx_word' id='word_1_51' title='bbox 762 913 872 977; x_wconf 92' lang='lat' dir='ltr'>eodem</span> <span class='ocrx_word' id='word_1_52' title='bbox 896 913 1091 993; x_wconf 80' lang='lat' dir='ltr'>approbante</span> <span class='ocrx_word' id='word_1_53' title='bbox 1115 912 1198 979; x_wconf 92' lang='lat' dir='ltr'>Con·</span> 
     </span>
     <span class='ocr_line' id='line_1_8' title="bbox 67 999 1197 1091; baseline 0.003 -27"><span class='ocrx_word' id='word_1_54' title='bbox 67 999 118 1077; x_wconf 80' lang='lat' dir='ltr'>nlo,</span> <span class='ocrx_word' id='word_1_55' title='bbox 138 1009 327 1065; x_wconf 90' lang='lat' dir='ltr'>memoratos</span> <span class='ocrx_word' id='word_1_56' title='bbox 342 1001 511 1064; x_wconf 81' lang='lat' dir='ltr'>Antistites</span> <span class='ocrx_word' id='word_1_57' title='bbox 534 1000 706 1075; x_wconf 81' lang='lat' dir='ltr'>hortamur,</span> <span class='ocrx_word' id='word_1_58' title='bbox 729 1006 765 1063; x_wconf 91' lang='lat' dir='ltr'>ut</span> <span class='ocrx_word' id='word_1_59' title='bbox 789 999 871 1064; x_wconf 88' lang='lat' dir='ltr'>infra</span> <span class='ocrx_word' id='word_1_60' title='bbox 892 1019 1010 1091; x_wconf 82' lang='lat' dir='ltr'>annum</span> <span class='ocrx_word' id='word_1_61' title='bbox 1030 1012 1197 1082; x_wconf 88' lang='lat' dir='ltr'>aperacta</span> 
     </span>
     <span class='ocr_line' id='line_1_9' title="bbox 64 1087 1196 1169; baseline 0.003 -18"><span class='ocrx_word' id='word_1_62' title='bbox 64 1088 213 1152; x_wconf 82' lang='lat' dir='ltr'>r&#39;sitatione</span> <span class='ocrx_word' id='word_1_63' title='bbox 237 1105 275 1152; x_wconf 86' lang='lat' dir='ltr'>eo</span> <span class='ocrx_word' id='word_1_64' title='bbox 308 1087 403 1151; x_wconf 91' lang='lat' dir='ltr'>modo</span> <span class='ocrx_word' id='word_1_65' title='bbox 430 1105 523 1168; x_wconf 90' lang='lat' dir='ltr'>quem</span> <span class='ocrx_word' id='word_1_66' title='bbox 555 1089 657 1169; x_wconf 74' lang='lat' dir='ltr'>magis</span> <span class='ocrx_word' id='word_1_67' title='bbox 691 1093 902 1169; x_wconf 91' lang='lat' dir='ltr'>opportunum</span> <span class='ocrx_word' id='word_1_68' title='bbox 938 1090 1196 1168; x_wconf 87' lang='lat' dir='ltr'>existimaverint,</span> 
     </span>
     <span class='ocr_line' id='line_1_10' title="bbox 10 1173 1196 1257; baseline 0.002 -17"><span class='ocrx_word' id='word_1_69' title='bbox 10 1196 19 1223; x_wconf 91' lang='lat'>-·</span> <span class='ocrx_word' id='word_1_70' title='bbox 62 1193 86 1240; x_wconf 90' lang='lat' dir='ltr'>nc</span> <span class='ocrx_word' id='word_1_71' title='bbox 105 1175 263 1257; x_wconf 88' lang='lat' dir='ltr'>deputatis</span> <span class='ocrx_word' id='word_1_72' title='bbox 290 1175 399 1245; x_wconf 89' lang='lat' dir='ltr'>etiam,</span> <span class='ocrx_word' id='word_1_73' title='bbox 431 1182 588 1256; x_wconf 87' lang='lat' dir='ltr'>quatenus</span> <span class='ocrx_word' id='word_1_74' title='bbox 620 1194 699 1256; x_wconf 91' lang='lat' dir='ltr'>opus</span> <span class='ocrx_word' id='word_1_75' title='bbox 730 1173 839 1254; x_wconf 88' lang='lat' dir='ltr'>luerit,</span> <span class='ocrx_word' id='word_1_76' title='bbox 872 1175 1093 1242; x_wconf 90' lang='lat' dir='ltr'>ecclesiasticis</span> <span class='ocrx_word' id='word_1_77' title='bbox 1120 1178 1196 1242; x_wconf 89' lang='lat' dir='ltr'>viris</span> 
     </span>
     <span class='ocr_line' id='line_1_11' title="bbox 60 1262 1198 1345; baseline 0.003 -19"><span class='ocrx_word' id='word_1_78' title='bbox 60 1263 142 1343; x_wconf 87' lang='lat' dir='ltr'>quiin</span> <span class='ocrx_word' id='word_1_79' title='bbox 163 1263 288 1345; x_wconf 80' lang='lat' dir='ltr'>singula</span> <span class='ocrx_word' id='word_1_80' title='bbox 310 1262 381 1327; x_wconf 93' lang='lat' dir='ltr'>loca</span> <span class='ocrx_word' id='word_1_81' title='bbox 401 1280 436 1326; x_wconf 86' lang='lat' dir='ltr'>se</span> <span class='ocrx_word' id='word_1_82' title='bbox 467 1262 641 1339; x_wconf 79' lang='lat' dir='ltr'>conterant,</span> <span class='ocrx_word' id='word_1_83' title='bbox 675 1264 750 1345; x_wconf 93' lang='lat' dir='ltr'>quin</span> <span class='ocrx_word' id='word_1_84' title='bbox 781 1271 887 1327; x_wconf 89' lang='lat' dir='ltr'>tannen</span> <span class='ocrx_word' id='word_1_85' title='bbox 910 1282 1066 1345; x_wconf 89' lang='lat' dir='ltr'>personae</span> <span class='ocrx_word' id='word_1_86' title='bbox 1088 1266 1198 1330; x_wconf 85' lang='lat' dir='ltr'>visita-</span> 
     </span>
     <span class='ocr_line' id='line_1_12' title="bbox 58 1349 1195 1431; baseline 0.003 -16"><span class='ocrx_word' id='word_1_87' title='bbox 58 1351 114 1415; x_wconf 87' lang='lat' dir='ltr'>tioni</span> <span class='ocrx_word' id='word_1_88' title='bbox 133 1351 287 1415; x_wconf 85' lang='lat' dir='ltr'>obnoxiae</span> <span class='ocrx_word' id='word_1_89' title='bbox 312 1349 412 1414; x_wconf 91' lang='lat' dir='ltr'>ullum</span> <span class='ocrx_word' id='word_1_90' title='bbox 440 1352 604 1430; x_wconf 89' lang='lat' dir='ltr'>patiantur</span> <span class='ocrx_word' id='word_1_91' title='bbox 636 1351 843 1431; x_wconf 88' lang='lat' dir='ltr'>dispendium,</span> <span class='ocrx_word' id='word_1_92' title='bbox 869 1353 1022 1417; x_wconf 90' lang='lat' dir='ltr'>certiores</span> <span class='ocrx_word' id='word_1_93' title='bbox 1045 1351 1132 1431; x_wconf 87' lang='lat' dir='ltr'>fiant,</span> <span class='ocrx_word' id='word_1_94' title='bbox 1155 1372 1195 1418; x_wconf 92' lang='lat' dir='ltr'>an</span> 
     </span>
     <span class='ocr_line' id='line_1_13' title="bbox 57 1438 1197 1519; baseline 0.004 -18"><span class='ocrx_word' id='word_1_95' title='bbox 57 1454 83 1501; x_wconf 81' lang='lat' dir='ltr'>cn</span> <span class='ocrx_word' id='word_1_96' title='bbox 97 1456 172 1519; x_wconf 89' lang='lat' dir='ltr'>quac</span> <span class='ocrx_word' id='word_1_97' title='bbox 195 1438 325 1503; x_wconf 88' lang='lat' dir='ltr'>decreta</span> <span class='ocrx_word' id='word_1_98' title='bbox 355 1441 543 1519; x_wconf 88' lang='lat' dir='ltr'>provisaque</span> <span class='ocrx_word' id='word_1_99' title='bbox 575 1447 649 1502; x_wconf 88' lang='lat' dir='ltr'>sunt</span> <span class='ocrx_word' id='word_1_100' title='bbox 671 1439 848 1503; x_wconf 86' lang='lat' dir='ltr'>executioni</span> <span class='ocrx_word' id='word_1_101' title='bbox 879 1439 973 1519; x_wconf 92' lang='lat' dir='ltr'>plene</span> <span class='ocrx_word' id='word_1_102' title='bbox 1005 1439 1197 1506; x_wconf 91' lang='lat' dir='ltr'>demandata</span> 
     </span>
    </p>
   </div>
   <div class='ocr_carea' id='block_1_3' title="bbox 54 1523 721 1782">
    <p class='ocr_par' dir='ltr' id='par_1_4' title="bbox 54 1523 721 1782">
     <span class='ocr_line' id='line_1_14' title="bbox 54 1523 155 1590; baseline -0.02 0"><span class='ocrx_word' id='word_1_103' title='bbox 54 1523 155 1590; x_wconf 81' lang='lat' dir='ltr'>turma</span> 
     </span>
     <span class='ocr_line' id='line_1_15' title="bbox 507 1717 721 1782; baseline -0.009 0"><span class='ocrx_word' id='word_1_104' title='bbox 507 1717 643 1782; x_wconf 83' lang='lat' dir='ltr'><strong>CAPUT</strong></span> <span class='ocrx_word' id='word_1_105' title='bbox 667 1718 721 1781; x_wconf 78' lang='lat' dir='ltr'>IV.</span> 
     </span>
    </p>
   </div>
   <div class='ocr_carea' id='block_1_4' title="bbox 100 1857 1130 2038">
    <p class='ocr_par' dir='ltr' id='par_1_5' title="bbox 100 1857 1130 2038">
     <span class='ocr_line' id='line_1_16' title="bbox 100 1857 1130 1942; baseline 0 -19"><span class='ocrx_word' id='word_1_106' title='bbox 100 1857 148 1924; x_wconf 88' lang='lat' dir='ltr'>Dc</span> <span class='ocrx_word' id='word_1_107' title='bbox 168 1857 363 1942; x_wconf 74' lang='lat' dir='ltr'>obliqutiouc</span> <span class='ocrx_word' id='word_1_108' title='bbox 387 1859 543 1924; x_wconf 77' lang='lat' dir='ltr'>visitandi</span> <span class='ocrx_word' id='word_1_109' title='bbox 571 1858 674 1923; x_wconf 83' lang='lat' dir='ltr'>Sucro</span> <span class='ocrx_word' id='word_1_110' title='bbox 697 1858 830 1922; x_wconf 79' lang='lat' dir='ltr'>Limina</span> <span class='ocrx_word' id='word_1_111' title='bbox 852 1858 1079 1938; x_wconf 81' lang='lat' dir='ltr'>Apostolorum</span> <span class='ocrx_word' id='word_1_112' title='bbox 1102 1866 1130 1926; x_wconf 84' lang='lat' dir='ltr'>et</span> 
     </span>
     <span class='ocr_line' id='line_1_17' title="bbox 266 1962 966 2038; baseline -0.003 -10"><span class='ocrx_word' id='word_1_113' title='bbox 266 1964 436 2038; x_wconf 74' lang='lat' dir='ltr'>exhibendi</span> <span class='ocrx_word' id='word_1_114' title='bbox 458 1963 645 2028; x_wconf 79' lang='lat' dir='ltr'>relationem</span> <span class='ocrx_word' id='word_1_115' title='bbox 666 1970 771 2028; x_wconf 84' lang='lat' dir='ltr'>status</span> <span class='ocrx_word' id='word_1_116' title='bbox 795 1962 966 2028; x_wconf 81' lang='lat' dir='ltr'>Dioecasn&#39;s.</span> 
     </span>
    </p>
   </div>
   <div class='ocr_carea' id='block_1_5' title="bbox 10 2101 1196 4141">
    <p class='ocr_par' dir='ltr' id='par_1_6' title="bbox 56 2101 1196 2360">
     <span class='ocr_line' id='line_1_18' title="bbox 134 2101 1194 2187; baseline 0 -18"><span class='ocrx_word' id='word_1_117' title='bbox 134 2103 274 2187; x_wconf 88' lang='lat' dir='ltr'>Oportet</span> <span class='ocrx_word' id='word_1_118' title='bbox 297 2111 334 2168; x_wconf 92' lang='lat' dir='ltr'>ut</span> <span class='ocrx_word' id='word_1_119' title='bbox 349 2105 431 2168; x_wconf 89' lang='lat' dir='ltr'>sacri</span> <span class='ocrx_word' id='word_1_120' title='bbox 446 2103 594 2168; x_wconf 91' lang='lat' dir='ltr'>Pastores</span> <span class='ocrx_word' id='word_1_121' title='bbox 618 2122 687 2168; x_wconf 91' lang='lat' dir='ltr'>cum</span> <span class='ocrx_word' id='word_1_122' title='bbox 704 2122 751 2177; x_wconf 93' lang='lat' dir='ltr'>eo,</span> <span class='ocrx_word' id='word_1_123' title='bbox 776 2104 826 2168; x_wconf 92' lang='lat' dir='ltr'>cui</span> <span class='ocrx_word' id='word_1_124' title='bbox 842 2101 1046 2167; x_wconf 88' lang='lat' dir='ltr'>confirmandi</span> <span class='ocrx_word' id='word_1_125' title='bbox 1067 2102 1194 2184; x_wconf 78' lang='lat' dir='ltr'>fratrea,</span> 
     </span>
     <span class='ocr_line' id='line_1_19' title="bbox 61 2189 1195 2273; baseline 0.001 -18"><span class='ocrx_word' id='word_1_126' title='bbox 61 2193 269 2258; x_wconf 77' lang='lat' dir='ltr'>tinniversum</span> <span class='ocrx_word' id='word_1_127' title='bbox 293 2191 480 2256; x_wconf 89' lang='lat' dir='ltr'>catholicum</span> <span class='ocrx_word' id='word_1_128' title='bbox 503 2209 630 2273; x_wconf 69' lang='lat' dir='ltr'>gregem</span> <span class='ocrx_word' id='word_1_129' title='bbox 658 2191 807 2272; x_wconf 88' lang='lat' dir='ltr'>pascendi</span> <span class='ocrx_word' id='word_1_130' title='bbox 841 2208 917 2255; x_wconf 92' lang='lat' dir='ltr'>cura</span> <span class='ocrx_word' id='word_1_131' title='bbox 940 2210 959 2254; x_wconf 90' lang='lat' dir='ltr'>a</span> <span class='ocrx_word' id='word_1_132' title='bbox 982 2189 1106 2255; x_wconf 92' lang='lat' dir='ltr'>Christo</span> <span class='ocrx_word' id='word_1_133' title='bbox 1129 2194 1195 2256; x_wconf 89' lang='lat' dir='ltr'>Do-</span> 
     </span>
     <span class='ocr_line' id='line_1_20' title="bbox 56 2276 1196 2360; baseline -0.002 -14"><span class='ocrx_word' id='word_1_134' title='bbox 56 2276 116 2345; x_wconf 68' lang='lat' dir='ltr'>mn</span> <span class='ocrx_word' id='word_1_135' title='bbox 138 2279 333 2346; x_wconf 89' lang='lat' dir='ltr'>demandata</span> <span class='ocrx_word' id='word_1_136' title='bbox 355 2287 413 2352; x_wconf 89' lang='lat' dir='ltr'>est,</span> <span class='ocrx_word' id='word_1_137' title='bbox 438 2277 569 2343; x_wconf 83' lang='lat' dir='ltr'>firmiori</span> <span class='ocrx_word' id='word_1_138' title='bbox 591 2297 692 2359; x_wconf 91' lang='lat' dir='ltr'>usque</span> <span class='ocrx_word' id='word_1_139' title='bbox 707 2277 829 2343; x_wconf 90' lang='lat' dir='ltr'>vinculo</span> <span class='ocrx_word' id='word_1_140' title='bbox 853 2297 922 2343; x_wconf 89' lang='lat' dir='ltr'>sese</span> <span class='ocrx_word' id='word_1_141' title='bbox 938 2279 1138 2360; x_wconf 84' lang='lat' dir='ltr'>conjungant,</span> <span class='ocrx_word' id='word_1_142' title='bbox 1162 2287 1196 2344; x_wconf 92' lang='lat' dir='ltr'>et</span> 
     </span>
    </p>

    <p class='ocr_par' dir='ltr' id='par_1_7' title="bbox 10 2364 1196 4141">
     <span class='ocr_line' id='line_1_21' title="bbox 10 2364 1196 2448; baseline -0.001 -17"><span class='ocrx_word' id='word_1_143' title='bbox 10 2388 15 2445; x_wconf 67' lang='lat' dir='ltr'>p</span> <span class='ocrx_word' id='word_1_144' title='bbox 53 2364 86 2431; x_wconf 84' lang='lat' dir='ltr'>ia</span> <span class='ocrx_word' id='word_1_145' title='bbox 107 2367 263 2433; x_wconf 84' lang='lat' dir='ltr'>catholica</span> <span class='ocrx_word' id='word_1_146' title='bbox 289 2365 435 2431; x_wconf 84' lang='lat' dir='ltr'>Ecclesia</span> <span class='ocrx_word' id='word_1_147' title='bbox 464 2386 502 2431; x_wconf 82' lang='lat' dir='ltr'>ex</span> <span class='ocrx_word' id='word_1_148' title='bbox 531 2367 681 2430; x_wconf 88' lang='lat' dir='ltr'>membris</span> <span class='ocrx_word' id='word_1_149' title='bbox 708 2372 960 2448; x_wconf 89' lang='lat' dir='ltr'>quantocumque</span> <span class='ocrx_word' id='word_1_150' title='bbox 989 2367 1106 2430; x_wconf 90' lang='lat' dir='ltr'>dissitis</span> <span class='ocrx_word' id='word_1_151' title='bbox 1137 2385 1196 2448; x_wconf 88' lang='lat' dir='ltr'>per</span> 
     </span>
     <span class='ocr_line' id='line_1_22' title="bbox 10 2452 1194 2536; baseline -0.002 -15"><span class='ocrx_word' id='word_1_152' title='bbox 10 2484 12 2489; x_wconf 31' lang='lat' dir='ltr'>v</span> <span class='ocrx_word' id='word_1_153' title='bbox 52 2457 170 2521; x_wconf 80' lang='lat' dir='ltr'>nntuann</span> <span class='ocrx_word' id='word_1_154' title='bbox 193 2457 228 2520; x_wconf 91' lang='lat' dir='ltr'>in</span> <span class='ocrx_word' id='word_1_155' title='bbox 243 2473 308 2521; x_wconf 95' lang='lat' dir='ltr'>uno</span> <span class='ocrx_word' id='word_1_156' title='bbox 324 2455 427 2535; x_wconf 87' lang='lat' dir='ltr'>capite</span> <span class='ocrx_word' id='word_1_157' title='bbox 442 2456 706 2519; x_wconf 87' lang='lat' dir='ltr'>consociationem</span> <span class='ocrx_word' id='word_1_158' title='bbox 722 2473 819 2518; x_wconf 91' lang='lat' dir='ltr'>unum</span> <span class='ocrx_word' id='word_1_159' title='bbox 835 2473 949 2536; x_wconf 91' lang='lat' dir='ltr'>corpus</span> <span class='ocrx_word' id='word_1_160' title='bbox 965 2452 1089 2519; x_wconf 84' lang='lat' dir='ltr'>efficiat.</span> <span class='ocrx_word' id='word_1_161' title='bbox 1119 2455 1194 2519; x_wconf 87' lang='lat' dir='ltr'>Jann</span> 
     </span>
     <span class='ocr_line' id='line_1_23' title="bbox 52 2541 1195 2624; baseline 0 -17"><span class='ocrx_word' id='word_1_162' title='bbox 52 2558 108 2607; x_wconf 86' lang='lat' dir='ltr'>nero</span> <span class='ocrx_word' id='word_1_163' title='bbox 129 2544 170 2609; x_wconf 94' lang='lat' dir='ltr'>ad</span> <span class='ocrx_word' id='word_1_164' title='bbox 192 2545 275 2608; x_wconf 89' lang='lat' dir='ltr'>hanc</span> <span class='ocrx_word' id='word_1_165' title='bbox 299 2561 366 2607; x_wconf 88' lang='lat' dir='ltr'>rem</span> <span class='ocrx_word' id='word_1_166' title='bbox 383 2542 612 2624; x_wconf 89' lang='lat' dir='ltr'>assequendam</span> <span class='ocrx_word' id='word_1_167' title='bbox 637 2541 714 2605; x_wconf 90' lang='lat' dir='ltr'>nihil</span> <span class='ocrx_word' id='word_1_168' title='bbox 741 2543 841 2623; x_wconf 86' lang='lat' dir='ltr'>magis</span> <span class='ocrx_word' id='word_1_169' title='bbox 871 2543 1026 2622; x_wconf 89' lang='lat' dir='ltr'>conducit,</span> <span class='ocrx_word' id='word_1_170' title='bbox 1049 2561 1144 2624; x_wconf 91' lang='lat' dir='ltr'>quam</span> <span class='ocrx_word' id='word_1_171' title='bbox 1167 2544 1195 2607; x_wconf 90' lang='lat' dir='ltr'>si</span> 
     </span>
     <span class='ocr_line' id='line_1_24' title="bbox 50 2627 1194 2712; baseline 0.002 -20"><span class='ocrx_word' id='word_1_172' title='bbox 50 2627 126 2695; x_wconf 91' lang='lat' dir='ltr'>iidem</span> <span class='ocrx_word' id='word_1_173' title='bbox 147 2631 300 2696; x_wconf 88' lang='lat' dir='ltr'>Pastores</span> <span class='ocrx_word' id='word_1_174' title='bbox 319 2630 410 2712; x_wconf 86' lang='lat' dir='ltr'>juxta</span> <span class='ocrx_word' id='word_1_175' title='bbox 437 2630 658 2711; x_wconf 89' lang='lat' dir='ltr'>perantiquam</span> <span class='ocrx_word' id='word_1_176' title='bbox 682 2627 848 2694; x_wconf 84' lang='lat' dir='ltr'>Ecclesiae</span> <span class='ocrx_word' id='word_1_177' title='bbox 871 2630 1066 2711; x_wconf 87' lang='lat' dir='ltr'>disciplinam</span> <span class='ocrx_word' id='word_1_178' title='bbox 1089 2635 1121 2695; x_wconf 92' lang='lat' dir='ltr'>et</span> <span class='ocrx_word' id='word_1_179' title='bbox 1143 2649 1194 2694; x_wconf 86' lang='lat' dir='ltr'>so-</span> 
     </span>
     <span class='ocr_line' id='line_1_25' title="bbox 49 2716 1194 2798; baseline -0.001 -15"><span class='ocrx_word' id='word_1_180' title='bbox 49 2733 154 2783; x_wconf 86' lang='lat' dir='ltr'>crorum</span> <span class='ocrx_word' id='word_1_181' title='bbox 174 2717 341 2783; x_wconf 90' lang='lat' dir='ltr'>Canonum</span> <span class='ocrx_word' id='word_1_182' title='bbox 360 2719 555 2798; x_wconf 88' lang='lat' dir='ltr'>praescripta</span> <span class='ocrx_word' id='word_1_183' title='bbox 579 2716 836 2781; x_wconf 90' lang='lat' dir='ltr'>Beatissimorum</span> <span class='ocrx_word' id='word_1_184' title='bbox 860 2718 1083 2798; x_wconf 84' lang='lat' dir='ltr'>Apostolorum</span> <span class='ocrx_word' id='word_1_185' title='bbox 1107 2718 1194 2782; x_wconf 83' lang='lat' dir='ltr'>Petri</span> 
     </span>
     <span class='ocr_line' id='line_1_26' title="bbox 49 2803 1193 2889; baseline 0.003 -22"><span class='ocrx_word' id='word_1_186' title='bbox 49 2803 174 2871; x_wconf 87' lang='lat' dir='ltr'>ctPauli</span> <span class='ocrx_word' id='word_1_187' title='bbox 196 2805 346 2889; x_wconf 88' lang='lat' dir='ltr'>sepulcra</span> <span class='ocrx_word' id='word_1_188' title='bbox 362 2807 542 2870; x_wconf 86' lang='lat' dir='ltr'>veneraturi</span> <span class='ocrx_word' id='word_1_189' title='bbox 566 2805 606 2869; x_wconf 93' lang='lat' dir='ltr'>ad</span> <span class='ocrx_word' id='word_1_190' title='bbox 626 2803 743 2869; x_wconf 87' lang='lat' dir='ltr'>almam</span> <span class='ocrx_word' id='word_1_191' title='bbox 758 2803 877 2870; x_wconf 89' lang='lat' dir='ltr'>Urbem</span> <span class='ocrx_word' id='word_1_192' title='bbox 893 2807 1047 2871; x_wconf 91' lang='lat' dir='ltr'>accedant</span> <span class='ocrx_word' id='word_1_193' title='bbox 1062 2824 1193 2887; x_wconf 87' lang='lat' dir='ltr'>seseque</span> 
     </span>
     <span class='ocr_line' id='line_1_27' title="bbox 48 2888 1194 2974; baseline 0.003 -18"><span class='ocrx_word' id='word_1_194' title='bbox 48 2888 171 2959; x_wconf 84' lang='lat' dir='ltr'>Romano</span> <span class='ocrx_word' id='word_1_195' title='bbox 193 2892 340 2959; x_wconf 87' lang='lat' dir='ltr'>Pontifici</span> <span class='ocrx_word' id='word_1_196' title='bbox 362 2893 510 2958; x_wconf 88' lang='lat' dir='ltr'>sistentes</span> <span class='ocrx_word' id='word_1_197' title='bbox 533 2893 572 2957; x_wconf 90' lang='lat' dir='ltr'>de</span> <span class='ocrx_word' id='word_1_198' title='bbox 594 2893 689 2957; x_wconf 91' lang='lat' dir='ltr'>rebus</span> <span class='ocrx_word' id='word_1_199' title='bbox 706 2894 911 2974; x_wconf 89' lang='lat' dir='ltr'>personisque</span> <span class='ocrx_word' id='word_1_200' title='bbox 935 2911 1012 2958; x_wconf 89' lang='lat' dir='ltr'>suae</span> <span class='ocrx_word' id='word_1_201' title='bbox 1032 2893 1194 2959; x_wconf 89' lang='lat' dir='ltr'>Dioecesis</span> 
     </span>
     <span class='ocr_line' id='line_1_28' title="bbox 49 2977 1194 3062; baseline 0.002 -20"><span class='ocrx_word' id='word_1_202' title='bbox 49 2977 217 3047; x_wconf 82' lang='lat' dir='ltr'>relationem</span> <span class='ocrx_word' id='word_1_203' title='bbox 233 2980 410 3045; x_wconf 85' lang='lat' dir='ltr'>exhibeant.</span> <span class='ocrx_word' id='word_1_204' title='bbox 455 2981 578 3062; x_wconf 88' lang='lat' dir='ltr'>ltaque,</span> <span class='ocrx_word' id='word_1_205' title='bbox 603 2999 692 3045; x_wconf 91' lang='lat' dir='ltr'>sacro</span> <span class='ocrx_word' id='word_1_206' title='bbox 716 2982 912 3061; x_wconf 90' lang='lat' dir='ltr'>approbante</span> <span class='ocrx_word' id='word_1_207' title='bbox 935 2978 1085 3059; x_wconf 88' lang='lat' dir='ltr'>Concilio,</span> <span class='ocrx_word' id='word_1_208' title='bbox 1110 2978 1194 3046; x_wconf 89' lang='lat' dir='ltr'>Corn-</span> 
     </span>
     <span class='ocr_line' id='line_1_29' title="bbox 50 3066 1195 3152; baseline 0.002 -21"><span class='ocrx_word' id='word_1_209' title='bbox 50 3066 211 3135; x_wconf 81' lang='lat' dir='ltr'>ttitntiones</span> <span class='ocrx_word' id='word_1_210' title='bbox 226 3067 426 3150; x_wconf 71' lang='lat' dir='ltr'>apostolicas</span> <span class='ocrx_word' id='word_1_211' title='bbox 441 3068 503 3133; x_wconf 89' lang='lat' dir='ltr'>hac</span> <span class='ocrx_word' id='word_1_212' title='bbox 519 3069 557 3132; x_wconf 92' lang='lat' dir='ltr'>de</span> <span class='ocrx_word' id='word_1_213' title='bbox 573 3087 608 3132; x_wconf 91' lang='lat' dir='ltr'>re</span> <span class='ocrx_word' id='word_1_214' title='bbox 625 3069 762 3152; x_wconf 79' lang='lat' dir='ltr'>editas³)</span> <span class='ocrx_word' id='word_1_215' title='bbox 785 3068 982 3147; x_wconf 89' lang='lat' dir='ltr'>innovantes,</span> <span class='ocrx_word' id='word_1_216' title='bbox 998 3069 1195 3150; x_wconf 77' lang='lat' dir='ltr'>injungimus</span> 
     </span>
     <span class='ocr_line' id='line_1_30' title="bbox 50 3152 1194 3239; baseline -0.001 -17"><span class='ocrx_word' id='word_1_217' title='bbox 50 3152 161 3239; x_wconf 76' lang='lat' dir='ltr'>lingulis</span> <span class='ocrx_word' id='word_1_218' title='bbox 187 3156 397 3235; x_wconf 87' lang='lat' dir='ltr'>Patriarchis,</span> <span class='ocrx_word' id='word_1_219' title='bbox 429 3155 634 3233; x_wconf 88' lang='lat' dir='ltr'>Primatibus,</span> <span class='ocrx_word' id='word_1_220' title='bbox 670 3156 938 3237; x_wconf 71' lang='lat' dir='ltr'>archiepiscopis,</span> <span class='ocrx_word' id='word_1_221' title='bbox 974 3174 1012 3221; x_wconf 91' lang='lat' dir='ltr'>ac</span> <span class='ocrx_word' id='word_1_222' title='bbox 1036 3155 1194 3221; x_wconf 88' lang='lat' dir='ltr'>Praelatis</span> 
     </span>
     <span class='ocr_line' id='line_1_31' title="bbox 50 3238 1192 3325; baseline 0.003 -20"><span class='ocrx_word' id='word_1_223' title='bbox 50 3238 230 3310; x_wconf 82' lang='lat' dir='ltr'>hierioribus</span> <span class='ocrx_word' id='word_1_224' title='bbox 261 3243 511 3325; x_wconf 91' lang='lat' dir='ltr'>jurisdictionem</span> <span class='ocrx_word' id='word_1_225' title='bbox 546 3246 635 3325; x_wconf 91' lang='lat' dir='ltr'>quasi</span> <span class='ocrx_word' id='word_1_226' title='bbox 670 3243 889 3325; x_wconf 86' lang='lat' dir='ltr'>Episcopalem</span> <span class='ocrx_word' id='word_1_227' title='bbox 930 3250 963 3308; x_wconf 92' lang='lat' dir='ltr'>et</span> <span class='ocrx_word' id='word_1_228' title='bbox 997 3245 1192 3308; x_wconf 91' lang='lat' dir='ltr'>territorium</span> 
     </span>
     <span class='ocr_line' id='line_1_32' title="bbox 50 3331 1193 3412; baseline -0.001 -15"><span class='ocrx_word' id='word_1_229' title='bbox 50 3337 209 3411; x_wconf 78' lang='lat' dir='ltr'>sparnum</span> <span class='ocrx_word' id='word_1_230' title='bbox 232 3332 465 3409; x_wconf 88' lang='lat' dir='ltr'>obtinentibus,</span> <span class='ocrx_word' id='word_1_231' title='bbox 501 3337 537 3395; x_wconf 93' lang='lat' dir='ltr'>ut</span> <span class='ocrx_word' id='word_1_232' title='bbox 557 3331 649 3412; x_wconf 86' lang='lat' dir='ltr'>juxta</span> <span class='ocrx_word' id='word_1_233' title='bbox 679 3332 781 3412; x_wconf 91' lang='lat' dir='ltr'>spatia</span> <span class='ocrx_word' id='word_1_234' title='bbox 812 3336 987 3412; x_wconf 90' lang='lat' dir='ltr'>temporum</span> <span class='ocrx_word' id='word_1_235' title='bbox 1017 3332 1050 3396; x_wconf 91' lang='lat' dir='ltr'>in</span> <span class='ocrx_word' id='word_1_236' title='bbox 1081 3331 1193 3397; x_wconf 90' lang='lat' dir='ltr'>iisdem</span> 
     </span>
     <span class='ocr_line' id='line_1_33' title="bbox 50 3410 1194 3503; baseline 0.003 -25"><span class='ocrx_word' id='word_1_237' title='bbox 50 3410 318 3486; x_wconf 83' lang='lat' dir='ltr'>Constitutionibus</span> <span class='ocrx_word' id='word_1_238' title='bbox 334 3417 501 3500; x_wconf 88' lang='lat' dir='ltr'>praefinita</span> <span class='ocrx_word' id='word_1_239' title='bbox 524 3419 746 3500; x_wconf 80' lang='lat' dir='ltr'>obligationem</span> <span class='ocrx_word' id='word_1_240' title='bbox 762 3419 900 3483; x_wconf 88' lang='lat' dir='ltr'>adeundi</span> <span class='ocrx_word' id='word_1_241' title='bbox 915 3439 973 3500; x_wconf 91' lang='lat' dir='ltr'>per</span> <span class='ocrx_word' id='word_1_242' title='bbox 995 3438 1038 3491; x_wconf 83' lang='lat' dir='ltr'>se,</span> <span class='ocrx_word' id='word_1_243' title='bbox 1061 3419 1113 3484; x_wconf 90' lang='lat' dir='ltr'>vel</span> <span class='ocrx_word' id='word_1_244' title='bbox 1135 3439 1194 3503; x_wconf 90' lang='lat' dir='ltr'>per</span> 
     </span>
     <span class='ocr_line' id='line_1_34' title="bbox 52 3506 1190 3589; baseline 0.001 -20"><span class='ocrx_word' id='word_1_245' title='bbox 52 3511 148 3572; x_wconf 82' lang='lat' dir='ltr'>ertum</span> <span class='ocrx_word' id='word_1_246' title='bbox 177 3508 328 3573; x_wconf 91' lang='lat' dir='ltr'>nuncium</span> <span class='ocrx_word' id='word_1_247' title='bbox 351 3506 576 3589; x_wconf 86' lang='lat' dir='ltr'>Apostolorum</span> <span class='ocrx_word' id='word_1_248' title='bbox 599 3506 722 3584; x_wconf 90' lang='lat' dir='ltr'>limina,</span> <span class='ocrx_word' id='word_1_249' title='bbox 755 3514 788 3571; x_wconf 91' lang='lat' dir='ltr'>et</span> <span class='ocrx_word' id='word_1_250' title='bbox 811 3507 978 3572; x_wconf 83' lang='lat' dir='ltr'>exhibendi</span> <span class='ocrx_word' id='word_1_251' title='bbox 1005 3507 1190 3572; x_wconf 88' lang='lat' dir='ltr'>relationem</span> 
     </span>
     <span class='ocr_line' id='line_1_35' title="bbox 52 3586 1192 3678; baseline 0.003 -23"><span class='ocrx_word' id='word_1_252' title='bbox 52 3586 79 3655; x_wconf 88' lang='lat' dir='ltr'>le</span> <span class='ocrx_word' id='word_1_253' title='bbox 96 3600 178 3660; x_wconf 89' lang='lat' dir='ltr'>statu</span> <span class='ocrx_word' id='word_1_254' title='bbox 201 3614 331 3660; x_wconf 90' lang='lat' dir='ltr'>suarum</span> <span class='ocrx_word' id='word_1_255' title='bbox 354 3595 567 3660; x_wconf 85' lang='lat' dir='ltr'>Ecclesiarum</span> <span class='ocrx_word' id='word_1_256' title='bbox 590 3595 738 3676; x_wconf 87' lang='lat' dir='ltr'>religiose</span> <span class='ocrx_word' id='word_1_257' title='bbox 761 3595 936 3678; x_wconf 90' lang='lat' dir='ltr'>adimplere</span> <span class='ocrx_word' id='word_1_258' title='bbox 964 3613 1026 3659; x_wconf 92' lang='lat' dir='ltr'>non</span> <span class='ocrx_word' id='word_1_259' title='bbox 1049 3600 1192 3676; x_wconf 87' lang='lat' dir='ltr'>praeter-</span> 
     </span>
     <span class='ocr_line' id='line_1_36' title="bbox 52 3678 1192 3764; baseline 0.002 -21"><span class='ocrx_word' id='word_1_260' title='bbox 52 3678 165 3750; x_wconf 87' lang='lat' dir='ltr'>nittant.</span> <span class='ocrx_word' id='word_1_261' title='bbox 212 3682 407 3764; x_wconf 85' lang='lat' dir='ltr'>Quicumque</span> <span class='ocrx_word' id='word_1_262' title='bbox 430 3701 505 3747; x_wconf 89' lang='lat' dir='ltr'>vero</span> <span class='ocrx_word' id='word_1_263' title='bbox 528 3702 566 3746; x_wconf 84' lang='lat' dir='ltr'>en</span> <span class='ocrx_word' id='word_1_264' title='bbox 597 3683 782 3763; x_wconf 89' lang='lat' dir='ltr'>praedictis,</span> <span class='ocrx_word' id='word_1_265' title='bbox 818 3683 902 3747; x_wconf 92' lang='lat' dir='ltr'>nullo</span> <span class='ocrx_word' id='word_1_266' title='bbox 925 3683 1065 3763; x_wconf 83' lang='lat' dir='ltr'>legitimo</span> <span class='ocrx_word' id='word_1_267' title='bbox 1095 3683 1192 3762; x_wconf 89' lang='lat' dir='ltr'>impe·</span> 
     </span>
     <span class='ocr_line' id='line_1_37' title="bbox 54 3761 1190 3851; baseline 0 -20"><span class='ocrx_word' id='word_1_268' title='bbox 54 3761 166 3836; x_wconf 81' lang='lat' dir='ltr'>dinemo</span> <span class='ocrx_word' id='word_1_269' title='bbox 189 3772 348 3849; x_wconf 89' lang='lat' dir='ltr'>detentus,</span> <span class='ocrx_word' id='word_1_270' title='bbox 373 3771 543 3834; x_wconf 90' lang='lat' dir='ltr'>terminum</span> <span class='ocrx_word' id='word_1_271' title='bbox 567 3771 627 3834; x_wconf 91' lang='lat' dir='ltr'>sibi</span> <span class='ocrx_word' id='word_1_272' title='bbox 641 3771 868 3851; x_wconf 90' lang='lat' dir='ltr'>praestitutum</span> <span class='ocrx_word' id='word_1_273' title='bbox 882 3771 1075 3851; x_wconf 87' lang='lat' dir='ltr'>praeterlabi</span> <span class='ocrx_word' id='word_1_274' title='bbox 1098 3770 1190 3848; x_wconf 87' lang='lat' dir='ltr'>sinat,</span> 
     </span>
     <span class='ocr_line' id='line_1_38' title="bbox 54 3854 1192 3941; baseline 0.001 -21"><span class='ocrx_word' id='word_1_275' title='bbox 54 3854 109 3930; x_wconf 69' lang='lat' dir='ltr'>enin</span> <span class='ocrx_word' id='word_1_276' title='bbox 124 3856 197 3923; x_wconf 89' lang='lat' dir='ltr'>huic</span> <span class='ocrx_word' id='word_1_277' title='bbox 225 3858 411 3941; x_wconf 84' lang='lat' dir='ltr'>obligationi</span> <span class='ocrx_word' id='word_1_278' title='bbox 433 3857 631 3932; x_wconf 82' lang='lat' dir='ltr'>satisfecerit,</span> <span class='ocrx_word' id='word_1_279' title='bbox 654 3860 854 3939; x_wconf 90' lang='lat' dir='ltr'>suspensioni</span> <span class='ocrx_word' id='word_1_280' title='bbox 878 3859 919 3922; x_wconf 92' lang='lat' dir='ltr'>ab</span> <span class='ocrx_word' id='word_1_281' title='bbox 942 3877 1002 3922; x_wconf 93' lang='lat' dir='ltr'>usu</span> <span class='ocrx_word' id='word_1_282' title='bbox 1025 3854 1192 3921; x_wconf 88' lang='lat' dir='ltr'>Pontifica-</span> 
     </span>
     <span class='ocr_line' id='line_1_39' title="bbox 54 3935 1192 4028; baseline 0.001 -22"><span class='ocrx_word' id='word_1_283' title='bbox 54 3935 119 4024; x_wconf 89' lang='lat' dir='ltr'>linm,</span> <span class='ocrx_word' id='word_1_284' title='bbox 139 3951 172 4011; x_wconf 89' lang='lat' dir='ltr'>at</span> <span class='ocrx_word' id='word_1_285' title='bbox 194 3952 357 4013; x_wconf 90' lang='lat' dir='ltr'>crescente</span> <span class='ocrx_word' id='word_1_286' title='bbox 373 3948 580 4023; x_wconf 89' lang='lat' dir='ltr'>contumacia,</span> <span class='ocrx_word' id='word_1_287' title='bbox 605 3946 677 4010; x_wconf 90' lang='lat' dir='ltr'>aliis</span> <span class='ocrx_word' id='word_1_288' title='bbox 700 3948 795 4010; x_wconf 89' lang='lat' dir='ltr'>etiam</span> <span class='ocrx_word' id='word_1_289' title='bbox 811 3947 920 4028; x_wconf 90' lang='lat' dir='ltr'>poenis</span> <span class='ocrx_word' id='word_1_290' title='bbox 943 3948 983 4010; x_wconf 89' lang='lat' dir='ltr'>ab</span> <span class='ocrx_word' id='word_1_291' title='bbox 1006 3945 1192 4025; x_wconf 86' lang='lat' dir='ltr'>Apostolica</span> 
     </span>
     <span class='ocr_line' id='line_1_40' title="bbox 10 4021 1192 4141; baseline 0.006 -52"><span class='ocrx_word' id='word_1_292' title='bbox 10 4078 13 4141; x_wconf 37' lang='grc' dir='ltr'>ἱ</span> <span class='ocrx_word' id='word_1_293' title='bbox 55 4021 117 4095; x_wconf 84' lang='lat' dir='ltr'>Sede</span> <span class='ocrx_word' id='word_1_294' title='bbox 134 4033 312 4116; x_wconf 86' lang='lat' dir='ltr'>infligendis</span> <span class='ocrx_word' id='word_1_295' title='bbox 335 4034 530 4115; x_wconf 70' lang='lat' dir='ltr'>subjiciatur,</span> <span class='ocrx_word' id='word_1_296' title='bbox 564 4034 717 4098; x_wconf 89' lang='lat' dir='ltr'>Volumus</span> <span class='ocrx_word' id='word_1_297' title='bbox 742 4040 857 4112; x_wconf 90' lang='lat' dir='ltr'>autem,</span> <span class='ocrx_word' id='word_1_298' title='bbox 882 4042 917 4097; x_wconf 93' lang='lat' dir='ltr'>ut</span> <span class='ocrx_word' id='word_1_299' title='bbox 940 4033 1060 4114; x_wconf 90' lang='lat' dir='ltr'>primus</span> <span class='ocrx_word' id='word_1_300' title='bbox 1083 4032 1192 4113; x_wconf 87' lang='lat' dir='ltr'>hujus·</span> 
     </span>
    </p>
   </div>
   <div class='ocr_carea' id='block_1_6' title="bbox 56 4130 238 4151">
    <p class='ocr_par' dir='ltr' id='par_1_8' title="bbox 56 4130 238 4151">
     <span class='ocr_line' id='line_1_41' title="bbox 56 4130 238 4151; baseline 0 0"><span class='ocrx_word' id='word_1_301' title='bbox 56 4130 238 4151; x_wconf 41' lang='grc' dir='ltr'>’Ἁ--ᾑ</span> 
     </span>
    </p>
   </div>
   <div class='ocr_carea' id='block_1_7' title="bbox 58 4191 1191 4400">
    <p class='ocr_par' dir='ltr' id='par_1_9' title="bbox 58 4191 1191 4400">
     <span class='ocr_line' id='line_1_42' title="bbox 140 4191 774 4313; baseline 0.002 -67"><span class='ocrx_word' id='word_1_302' title='bbox 140 4191 774 4313; x_wconf 40' lang='grc' dir='ltr'>’ωωωῌωΆᾍωώ</span> 
     </span>
     <span class='ocr_line' id='line_1_43' title="bbox 138 4259 1191 4327; baseline -0.007 -10"><span class='ocrx_word' id='word_1_303' title='bbox 138 4263 147 4295; x_wconf 77' lang='lat'>³</span> <span class='ocrx_word' id='word_1_304' title='bbox 174 4261 270 4317; x_wconf 83' lang='lat' dir='ltr'>Snxtus</span> <span class='ocrx_word' id='word_1_305' title='bbox 288 4260 321 4314; x_wconf 92' lang='lat' dir='ltr'>V.</span> <span class='ocrx_word' id='word_1_306' title='bbox 341 4259 597 4316; x_wconf 72' lang='lat' dir='ltr'>Constitueramus</span> <span class='ocrx_word' id='word_1_307' title='bbox 637 4263 743 4327; x_wconf 77' lang='lat' dir='ltr'>oatnfcx</span> <span class='ocrx_word' id='word_1_308' title='bbox 760 4264 803 4315; x_wconf 87' lang='lat'>20.</span> <span class='ocrx_word' id='word_1_309' title='bbox 818 4262 883 4316; x_wconf 88' lang='lat' dir='ltr'>Dec.</span> <span class='ocrx_word' id='word_1_310' title='bbox 901 4262 976 4317; x_wconf 83' lang='lat'>1585.</span> <span class='ocrx_word' id='word_1_311' title='bbox 995 4259 1096 4314; x_wconf 88' lang='lat' dir='ltr'>Bened.</span> <span class='ocrx_word' id='word_1_312' title='bbox 1116 4259 1191 4311; x_wconf 87' lang='lat' dir='ltr'>XIV.</span> 
     </span>
     <span class='ocr_line' id='line_1_44' title="bbox 58 4318 585 4400; baseline 0.028 -26"><span class='ocrx_word' id='word_1_313' title='bbox 58 4318 126 4382; x_wconf 78' lang='lat' dir='ltr'>Cenat.</span> <span class='ocrx_word' id='word_1_314' title='bbox 144 4330 220 4400; x_wconf 75' lang='lat' dir='ltr'>Quod</span> <span class='ocrx_word' id='word_1_315' title='bbox 238 4336 338 4385; x_wconf 76' lang='lat' dir='ltr'>sanctu</span> <span class='ocrx_word' id='word_1_316' title='bbox 355 4334 398 4385; x_wconf 80' lang='lat'>23.</span> <span class='ocrx_word' id='word_1_317' title='bbox 417 4331 487 4385; x_wconf 82' lang='lat' dir='ltr'>Non.</span> <span class='ocrx_word' id='word_1_318' title='bbox 508 4331 585 4389; x_wconf 79' lang='lat'>1740.</span> 
     </span>
    </p>
   </div>
   <div class='ocr_carea' id='block_1_8' title="bbox 0 0 1440 4874">
    <p class='ocr_par' dir='ltr' id='par_1_10' title="bbox 0 0 1440 4874">
     <span class='ocr_line' id='line_1_45' title="bbox 0 0 1440 4874; baseline 0 0"><span class='ocrx_word' id='word_1_319' title='bbox 0 0 1440 4874; x_wconf 95' lang='lat' dir='ltr'> </span> 
     </span>
    </p>
   </div>
  </div>
 </body>
</html>
