2872 4874
452 327 490 371 bi:
513 326 607 371 REBCS
631 325 817 374 [matricis.

480 498 667 565 Beatissime
688 500 798 566 Pater!

163 643 382 706 Pervenerunt
413 642 452 705 ad
485 660 541 705 nos
573 642 698 705 litterae
730 642 779 705 die
813 647 841 706 3.
874 640 1018 706 ianuarii
1047 644 1131 723 typis
1162 646 1223 708 im-

55 748 194 810 pressae,
216 730 334 811 quibua
351 728 480 794 Concilii
496 729 644 793 Patribus
666 730 892 795 subscribenda
915 730 1078 795 exhibetur
1100 732 1220 812 petitio,

60 818 216 900 asynodo
239 819 442 882 oecumenica
465 816 612 899 flagitans
631 819 806 882 cosenciae
828 817 903 882 solil
918 836 1108 898 supremam,
1133 820 1221 884 ideo-

63 928 118 988 que
149 907 187 970 ab
217 925 329 969 errore
360 907 528 968 immunem
560 905 781 969 rcrrctorritolcnr
812 905 951 969 Balacri
974 906 1149 986 Pontifices,
1185 908 1219 970 e'u

64 995 151 1059 rata
176 993 255 1074 fidei
283 999 313 1057 et
343 1013 466 1057 marem
495 993 670 1072 apostoliea
702 998 855 1072 potestate
883 994 1046 1058 universis
1072 994 1222 1075 fidelibus

64 1081 296 1162 praeoptanda.
328 1080 443 1144 Mirum
472 1090 558 1144 certe
590 1088 639 1144 est
670 1079 741 1145 fidei
768 1082 892 1163 judices
923 1083 1050 1146 invitari
1077 1092 1113 1146 ut
1148 1088 1222 1146 ante

10 1210 12 1257 ξ
68 1188 185 1234 musam
200 1169 319 1233 dictam
337 1167 376 1232 de
392 1169 549 1233 sententia
576 1167 704 1232 terenda
728 1168 972 1234 declarationem
990 1170 1221 1250 subscriptione

70 1277 120 1323 sua
138 1258 291 1322 munitam
315 1257 456 1320 ederent.
491 1257 608 1321 Verum
632 1258 664 1320 in
687 1256 744 1322 boc
766 1265 857 1322 tanto
880 1260 1016 1339 negotio,
1040 1258 1085 1323 Te
1107 1261 1220 1339 ipsum,

74 1345 267 1411 Sanctissimae
295 1344 400 1415 Pater.
435 1345 612 1409 adeundum
642 1363 711 1408 csse
739 1347 924 1424 censuimus,
961 1348 1077 1429 quippe
1112 1349 1174 1428 qui,
1204 1366 1223 1410 a

72 1433 191 1499 bonino
215 1433 257 1497 ad
290 1450 391 1514 agnos
414 1450 549 1513 ovesque
580 1433 773 1513 pascendum
806 1435 1006 1514 constitutus
1045 1437 1221 1499 animarum

74 1519 175 1586 Christi
192 1521 356 1602 Sanguine
379 1521 613 1603 redemptarum
636 1521 809 1601 piissimam
832 1541 940 1586 curam
964 1521 1062 1586 babes
1086 1531 1119 1587 et
1142 1525 1223 1604 peri·

75 1609 199 1699 culorum
222 1610 301 1690 ipsis
324 1609 553 1673 imminentium
578 1607 692 1672 affectu
715 1617 846 1690 paterno
871 1612 1041 1674 misereris.

163 1715 321 1779 abierunt
343 1723 485 1795 tempora
508 1714 622 1794 quibus
646 1714 737 1779 Sedis
753 1715 955 1795 Apostolicae
974 1718 1050 1797 jura
1072 1735 1091 1779 a
1114 1717 1223 1782 catho-

76 1800 128 1868 beis
148 1805 181 1868 in
211 1802 342 1866 dubium
373 1803 479 1868 vocari
503 1803 644 1882 contigit.
703 1801 801 1867 Nemo
824 1811 874 1866 est
901 1804 954 1882 qui
976 1806 1109 1881 nesciat,
1142 1806 1223 1868 sicut

78 1909 172 1972 corpus
196 1891 319 1970 absque
349 1892 452 1971 capite
476 1891 620 1954 mutilum
648 1892 694 1954 ita
722 1909 823 1971 neque
848 1888 1022 1955 Concilium
1045 1892 1222 1957 Ecclesiam

79 1985 157 2045 bam
180 1985 429 2060 repraesentans
459 1980 578 2059 absque
602 1978 790 2044 Successore
821 1978 852 2043 S.
876 1978 961 2043 Petri
983 1979 1095 2044 haberi
1118 1997 1221 2060 posse,

82 2083 230 2148 donesque
247 2065 381 2131 Sanctae
397 2064 487 2130 Sedis
503 2066 661 2130 mandatis
677 2067 913 2149 promptissimo
936 2067 1086 2131 obediunt
1107 2069 1220 2133 animo.

124 2216 134 2225 -
162 2172 337 2238 Praeterea
360 2191 440 2252 quae
463 2172 503 2236 de
526 2171 687 2235 Pontificis
709 2172 843 2236 Romani
867 2175 1055 2237 auctoritate
1078 2171 1222 2237 fidelibus

74 2262 197 2327 aranda
219 2262 285 2325 sint
301 2256 475 2325 Concilium
490 2259 710 2324 Tridentinum
733 2261 839 2339 edixit,
856 2259 1072 2325 Florentinum
1086 2278 1220 2342 quoque,

71 2348 146 2430 cnjus
180 2367 223 2415 ea
245 2348 285 2412 de
315 2366 351 2412 re
382 2349 544 2413 decretum
576 2349 606 2411 in
638 2351 759 2412 cunctis
792 2349 987 2431 singulisque
1016 2367 1052 2414 eo
1082 2350 1222 2413 sanctius

10 2500 12 2521 ,
68 2443 266 2502 conservetur
288 2443 421 2517 oportet,
446 2440 594 2516 quoniam
617 2435 777 2501 Ecclesiae
800 2437 918 2502 latinae
942 2444 974 2501 et
996 2456 1127 2518 graecae
1150 2456 1223 2502 con-

65 2541 152 2591 sensu
174 2523 353 2590 stabilitum
376 2531 435 2602 est,
460 2530 564 2605 atque,
589 2524 616 2587 si
641 2524 793 2588 Dominus
817 2526 858 2589 ad
874 2524 1036 2590 Orientem
1058 2534 1107 2591 tot
1130 2525 1222 2589 malis

60 2630 243 2695 oppressum
267 2612 503 2678 misericordiae
525 2611 608 2675 Suae
632 2612 739 2677 oculos
763 2620 945 2678 convertere
971 2614 1130 2696 dignetur,
1154 2615 1222 2678 nni-

58 2703 127 2767 onis
148 2700 367 2774 restituendae
390 2700 629 2764 fundamentum
654 2702 722 2764 erit.

164 2806 298 2872 Accedit
314 2805 406 2885 quod,
431 2805 489 2870 bac
512 2811 703 2885 tempestate
719 2805 891 2884 Ecclesiae,
918 2808 1068 2872 adversus
1093 2827 1147 2873 eos
1170 2809 1225 2888 qui

62 2896 94 2959 in
118 2894 306 2976 religionem
329 2900 481 2974 tanquam
497 2900 708 2958 commentum
729 2894 866 2959 humano
882 2897 989 2975 generi
1012 2895 1137 2960 exitiale
1154 2914 1226 2960 con-

61 2991 206 3065 surgimt,
242 3000 349 3066 pugna
380 2982 566 3047 sustinenda
597 2982 638 3045 sit
670 3000 751 3046 nova
781 2989 814 3066 et
844 3001 863 3045 a
895 2982 1031 3047 saeculis
1059 2984 1224 3048 inaudita:

56 3077 255 3153 quapropter
291 3070 418 3134 minime
446 3070 624 3134 consultum
653 3071 778 3135 videtur
815 3070 940 3151 populis
967 3071 1139 3151 catholicis,
1175 3077 1225 3136 tot

55 3158 200 3240 undique
222 3157 508 3224 machinationibus
531 3160 563 3222 in
586 3160 794 3223 tentationem
816 3158 961 3238 inductis,
985 3158 1105 3239 majma
1128 3177 1224 3240 quam

52 3245 172 3313 Patres
195 3245 371 3311 Tridentini
393 3248 565 3328 imponere.

165 3351 322 3431 Namque,
358 3369 428 3416 curn
451 3353 533 3415 inter
564 3351 705 3431 potiores
734 3351 879 3416 nationes
903 3350 1073 3415 catholicas
1095 3370 1225 3416 munere

54 3439 235 3524 episcopali
257 3439 436 3520 fungamur,
471 3457 577 3503 rerum
602 3439 687 3519 apud
717 3458 773 3503 eas
801 3444 918 3503 statum
946 3439 1129 3519 quotidiano
1151 3457 1225 3504 nos-

54 3532 159 3596 cimus
182 3545 254 3593 usu.
299 3526 399 3591 Nobis
422 3534 529 3591 autern
552 3533 679 3591 constat
701 3525 913 3592 definitionem
941 3544 1023 3606 quae
1045 3526 1226 3607 postulatur·

56 3617 226 3699 religionis
249 3615 383 3680 inimicis
407 3632 487 3678 nova
503 3615 776 3696 suppeditaturam
799 3633 888 3679 arma
911 3614 953 3678 ad
975 3615 1022 3677 rei
1044 3613 1224 3693 catholicae,

54 3707 157 3772 etiam
181 3704 268 3785 apud
289 3703 430 3767 melioris
453 3710 546 3767 notae
569 3704 664 3778 viros,
688 3703 838 3767 invidiam
862 3704 1100 3780 concitandam,
1131 3705 1225 3767 certi-

54 3812 119 3876 que
146 3809 256 3857 sumus
279 3810 347 3855 rem
370 3792 402 3854 in
426 3790 553 3872 Europa
576 3790 689 3854 saltem
718 3792 882 3873 regionum
906 3797 1086 3856 nostrarum
1110 3789 1225 3871 guber-

53 3884 118 3948 niis
155 3899 266 3945 ansam
300 3879 545 3961 praebituram,
562 3881 626 3942 sive
654 3886 854 3959 praetextum
889 3880 921 3942 in
953 3879 1027 3959 jura
1060 3877 1227 3942 Ecclesiae

53 3971 190 4036 residua
212 3967 390 4034 invadendi.

171 4074 259 4138 Haec
282 4071 450 4138 Sanctitati
473 4073 568 4151 Tuae,
604 4091 642 4138 ea
669 4091 762 4154 quam
791 4073 946 4137 communi
977 4068 1115 4136 fidelium
1137 4069 1226 4136 Patri

58 4162 214 4226 debemus
237 4162 428 4240 sinceritate,
458 4162 668 4242 exposuimus,
702 4169 734 4226 et
757 4161 832 4238 Tuo,
863 4176 1039 4240 precamur,
1073 4159 1224 4223 mandato

56 4248 116 4315 fiat
139 4257 176 4312 ut
205 4248 348 4314 doctrina
371 4251 460 4332 cujus
490 4251 687 4315 sanctionem
719 4255 831 4331 petunt
854 4245 994 4312 Concilio
1025 4248 1226 4312 oecumenico

57 4337 259 4402 discutienda
279 4336 366 4402 haud
388 4343 593 4418 proponatur.

1089 4457 1119 4509 6*
