2872 4874
447 335 488 382 nn
511 334 607 382 mnus
630 334 823 383 noennncrs.
881 373 884 377 .
1175 324 1222 384 61·

55 472 84 539 Si
106 475 236 539 unicum
259 481 346 539 esset
375 474 408 539 in
432 474 577 539 omnibus
607 472 753 538 humanis
777 474 933 539 mentibus
965 474 1072 540 lumen
1101 474 1228 543 inteih--

58 561 153 644 gibile,
184 563 280 627 unica
303 563 399 627 etiam
422 567 507 627 esset
535 564 566 627 in
591 563 734 627 onmibns
756 562 934 627 hominibus
956 563 1100 643 potentia
1122 564 1216 630 intel·
1322 633 1325 640 ,

58 650 182 728 lectiva3
217 653 387 730 quiscum
417 650 522 713 luunen
546 649 743 731 intelligibile
774 650 889 714 debeat
918 668 988 714 esse
1010 651 1215 717 intrinsecum

60 738 213 818 potentiae
235 736 457 814 intellectivae,
482 738 588 802 unitas
610 739 772 802 numerica
786 737 914 801 luminis
939 739 1045 820 arguit
1061 740 1215 804 unitatem

62 826 245 891 numericam
269 824 482 890 intellectivae
504 824 677 906 potentiae.
710 824 813 890 Unica
828 831 934 890 numm
958 827 1100 908 potentia
1121 826 1215 891 intel-

62 912 165 978 lectiva
187 931 254 977 nou
269 918 378 994 posset
400 931 470 978 esse
486 913 546 977 nisi
562 911 702 977 infinitus
719 912 780 977 Dei
802 912 996 979 intellectus:
1020 914 1093 995 quia
1108 914 1215 979 lumen

61 999 204 1065 hinitnm
227 1001 355 1065 nonnisi
369 1001 411 1064 ad
432 1001 606 1083 potentiam
623 999 776 1065 infinitam
788 1000 948 1081 pertinere
965 1007 1079 1083 potest.
1113 1001 1215 1085 Igitur

63 1088 81 1151 si
99 1086 184 1152 Deus
214 1093 302 1152 esset
331 1087 437 1152 lumen
467 1086 666 1170 intelligibile
696 1090 811 1152 mentis
840 1088 1005 1167 humanae,
1042 1108 1106 1153 una
1129 1097 1213 1156 esset

62 1193 134 1240 nens
157 1193 217 1240 seu
231 1176 323 1253 ratio,
347 1194 404 1241 seu
418 1174 600 1242 intellectus
616 1177 754 1241 omnium
770 1174 946 1249 hominum;
971 1181 1004 1241 et
1025 1175 1105 1243 haec
1122 1179 1215 1244 unica

63 1263 128 1327 ratio
151 1270 242 1328 esset
263 1262 421 1345 ipsissima
443 1263 502 1328 Dei
526 1264 616 1329 ratio.

150 1349 196 1416 Et
227 1368 307 1415 sane
337 1351 364 1416 si
385 1351 510 1417 theoria
539 1351 617 1415 haec
648 1350 846 1416 immediatae
870 1352 931 1416 Dei
964 1352 1151 1434 cognitionis
1182 1353 1215 1418 in

60 1437 179 1503 historia
202 1436 424 1520 philosophiae
447 1438 675 1517 consideretur,
700 1457 739 1503 ea
762 1456 887 1520 semper
909 1439 940 1502 in
958 1439 1091 1504 diversis
1114 1445 1214 1523 syste-

60 1526 182 1593 nntibus
207 1531 344 1607 apparet
366 1526 417 1591 vel
439 1532 475 1590 nt
491 1526 691 1592 corollarium
714 1527 925 1592 necessarium
942 1527 1140 1610 pantheismi,
1164 1528 1215 1593 vel

60 1621 86 1679 ut
104 1616 172 1697 ejus
197 1614 414 1679 necessarium
437 1614 636 1696 principium.
681 1613 732 1679 Ita
754 1633 802 1679 ex.
827 1633 857 1694 g.
881 1621 930 1677 ost
951 1614 1141 1696 pantheismi
1163 1633 1214 1681 co-

61 1698 214 1767 mhamum
229 1702 264 1765 in
288 1707 460 1784 systemate
475 1701 637 1786 Spinosae,
662 1700 845 1783 Schellingii
861 1709 893 1766 et
909 1700 1043 1785 Hegehi.
1078 1700 1214 1784 Spinosa

10 1806 12 1811 ·
63 1790 129 1854 enim
143 1808 183 1855 ex
207 1788 419 1872 pantheistico
436 1790 606 1873 principio:
635 1795 788 1869 „mentem
804 1789 974 1853 humanam
999 1807 1070 1854 esse
1086 1790 1214 1857 modum

65 1875 187 1942 inlinitae
212 1876 416 1958 cogitationis
431 1876 522 1957 Dei“‚
548 1877 655 1942 docuit
670 1874 844 1959 perfectam
859 1877 1069 1959 cognitionem
1091 1879 1213 1959 acquiri

68 1981 108 2041 pu
123 1965 279 2030 intuitum
298 1965 400 2030 ideae
429 1965 509 2029 entis
541 1963 760 2046 perfectissimi
783 1984 822 2029 ex
851 1983 914 2046 qua
945 1969 1088 2029 caeterae
1120 1966 1212 2031 ideae

76 2049 259 2130 deducuntur,
295 2058 328 2116 et
355 2051 524 2117 humanam
553 2054 709 2117 rationem
739 2071 836 2116 unum
867 2053 1013 2132 idemque
1042 2070 1111 2116 esse
1140 2072 1212 2118 cum

77 2135 150 2204 dirim
173 2139 267 2222 (Eth.
290 2159 321 2220 p.
336 2143 365 2203 2.
389 2146 422 2205 et
445 2142 477 2204 in
499 2146 591 2205 tract.
614 2141 655 2203 de
679 2141 799 2204 emend.
825 2139 996 2217 intellectl.
1051 2139 1212 2222 Schelling

73 2242 98 2288 er
116 2228 274 2309 principio
303 2227 530 2308 pantheistico:
568 2228 756 2307 ,humanum
784 2229 928 2309 spiritum
958 2246 1021 2293 non
1050 2245 1119 2292 esse
1151 2228 1213 2291 nisi

68 2315 206 2392 caudam
230 2314 364 2379 formam
387 2315 446 2381 sub
469 2334 532 2397 qua
554 2315 743 2381 Absolutum
774 2333 809 2380 se
833 2313 1032 2380 manifestat“
1072 2315 1210 2395 deduxit,

64 2397 220 2467 humanum
244 2402 388 2485 spiritum
411 2404 526 2468 intueri
550 2404 582 2468 in
605 2421 639 2466 se
662 2403 872 2469 evolutionem
895 2402 1050 2483 Absoluti,
1079 2422 1116 2468 ac
1138 2421 1222 2485 pro·-

62 2487 121 2555 hde
142 2489 264 2556 habere
296 2491 484 2557 naturahter
506 2492 568 2557 imo
603 2490 815 2556 essentialiter
843 2492 1042 2557 intuitionem
1070 2491 1211 2557 intellec-

61 2575 166 2643 tualem
183 2576 332 2643 Absoluti
354 2580 412 2644 sub
437 2578 560 2644 duabus
575 2577 693 2659 formis,
718 2579 847 2660 spiritns
863 2597 976 2661 nempe
999 2585 1032 2643 et
1049 2580 1210 2658 materiae,

60 2679 117 2728 sese
145 2664 379 2730 manifestantis
413 2666 466 2749 (V.
498 2667 566 2747 ejus
602 2672 740 2748 systema
778 2666 888 2730 idealis
921 2667 1098 2731 transcend.
1129 2684 1210 2732 vers

60 2748 218 2817 Grimblot.
242 2753 334 2817 Paris
359 2757 466 2838 1842).
506 2754 606 2834 Hegel
630 2754 765 2833 denique
789 2753 904 2818 docens
927 2753 1098 2818 humanum
1121 2754 1211 2835 spiri-

59 2843 117 2902 tum
139 2859 210 2905 esse
231 2841 335 2921 ipsam
357 2841 541 2922 ideam-ens,
564 2860 648 2923 quae
668 2843 700 2905 in
724 2842 819 2905 tertio
840 2841 1028 2906 evolutionis
1050 2849 1220 2907 momento

57 2927 97 2989 sui
117 2928 343 2993 conscientiam
367 2929 513 3011 acquirit,
548 2948 586 2995 eo
610 2948 645 2994 se
668 2929 800 2993 tendere
829 2927 976 3008 affirmat,
1011 2934 1047 2993 ut
1069 2929 1212 2994 intellec-

56 3013 164 3081 tualem
188 3016 336 3081 Absoluti
358 3017 559 3081 intuitionem
583 3017 787 3096 demonstret,
821 3034 914 3097 quam
949 3015 1109 3097 Schelling
1143 3018 1220 3081 sine·-

58 3099 316 3168 demonstratione
340 3105 522 3170 admiserat.

153 3189 275 3256 Contra
296 3192 479 3257 immediata
491 3191 550 3256 Dei
572 3192 711 3273 cognitio
735 3198 886 3272 tanquam
909 3190 1102 3274 pantheismi
1125 3191 1216 3272 prin·

57 3275 161 3357 cipium
191 3296 225 3344 se
249 3278 375 3344 exhibet
404 3281 438 3343 in
460 3285 632 3360 systemate
655 3278 885 3344 Malebranchii
916 3278 1046 3358 ejusque
1075 3278 1210 3361 discipu-

10 3386 13 3441 ς
56 3361 146 3429 lorum
169 3384 270 3448 usque
294 3367 335 3431 ad
350 3368 557 3432 Giohertinm.
591 3367 642 3431 Illi
664 3367 747 3431 enim
770 3385 808 3430 ex
831 3386 867 3431 eo
891 3371 975 3446 quod
996 3367 1208 3431 immediatam
1248 3444 1250 3449 ¹

57 3447 106 3516 Dei
128 3454 338 3536 cognitionem
366 3473 425 3538 per
446 3455 642 3519 intuitionem
671 3456 828 3518 humanae
858 3456 954 3518 menti
978 3454 1154 3518 naturalem
1179 3463 1210 3519 et

56 3542 257 3606 necessariam
281 3560 349 3606 esse
366 3542 510 3622 dixerint,
533 3560 572 3606 eo
595 3542 722 3606 tandem
739 3542 866 3606 adducti
889 3548 972 3620 sunt,
997 3548 1033 3605 ut
1050 3543 1208 3619 docerent,

56 3622 215 3693 humanam
246 3631 402 3693 rationem
436 3630 520 3694 idem
551 3647 622 3694 esse
653 3648 724 3694 cum
758 3629 865 3693 divina
899 3631 1031 3709 ratione,
1068 3630 1219 3709 aliasque·

10 3790 12 3801 ¹
56 3709 223 3795 hujlnsmodi
248 3717 408 3783 doctrinas
431 3717 641 3795 tradiderunt,
665 3736 748 3799 quae
770 3722 806 3782 ut
830 3717 996 3782 clarissimi
1018 3718 1078 3781 viri
1101 3722 1210 3781 osten-

56 3798 168 3884 derunt,
192 3804 318 3869 nonnisi
341 3823 412 3869 cum
435 3805 634 3886 pantheismo
658 3805 805 3886 componi
825 3811 969 3885 possunt.

595 4015 665 4082 XII.

149 4151 430 4236 EuOntologismo
453 4154 596 4234 sequitur
618 4160 653 4219 et
667 4154 915 4220 Eclecticismns
951 4151 1032 4216 Nam
1054 4155 1081 4217 si
1104 4153 1208 4217 omnia

54 4236 79 4300 in
103 4239 170 4306 Deo
193 4242 423 4322 cognoscimus,
453 4259 543 4305 mens
568 4247 679 4306 nostra
705 4243 821 4306 erroris
844 4259 943 4322 capax
969 4253 1127 4304 essenon
1153 4258 1217 4322 po-1

53 4330 116 4404 test,
150 4333 184 4393 et
216 4328 362 4392 diversae
391 4336 425 4394 et
452 4329 615 4409 oppositae
650 4328 911 4411 philosophorum
940 4327 1103 4410 opiniones
1133 4335 1208 4394 sunt
