<?xml version="1.0" encoding="UTF-8"?>
<!DOCTYPE html PUBLIC "-//W3C//DTD XHTML 1.0 Transitional//EN"
    "http://www.w3.org/TR/xhtml1/DTD/xhtml1-transitional.dtd">
<html xmlns="http://www.w3.org/1999/xhtml" xml:lang="en" lang="en">
 <head>
  <title>
</title>
<meta http-equiv="Content-Type" content="text/html;charset=utf-8" />
  <meta name='ocr-system' content='tesseract 3.04.00' />
  <meta name='ocr-capabilities' content='ocr_page ocr_carea ocr_par ocr_line ocrx_word'/>
</head>
<body>
  <div class='ocr_page' id='page_1' title='image "./omniumconciliiv00martgoog_0146.png"; bbox 0 0 2872 4874; ppageno 0'>
   <div class='ocr_carea' id='block_1_1' title="bbox 495 106 1203 167">
    <p class='ocr_par' dir='ltr' id='par_1_1' title="bbox 495 106 1203 167">
     <span class='ocr_line' id='line_1_1' title="bbox 495 106 1203 167; baseline 0.004 -3"><span class='ocrx_word' id='word_1_1' title='bbox 495 117 536 164; x_wconf 88' lang='lat' dir='ltr'><strong>mr</strong></span> <span class='ocrx_word' id='word_1_2' title='bbox 558 116 740 167; x_wconf 76' lang='lat' dir='ltr'><strong>mscll’bmn.</strong></span> <span class='ocrx_word' id='word_1_3' title='bbox 1141 106 1203 167; x_wconf 76' lang='lat'><strong>133</strong></span> 
     </span>
    </p>
   </div>
   <div class='ocr_carea' id='block_1_2' title="bbox 10 256 1205 1551">
    <p class='ocr_par' dir='ltr' id='par_1_2' title="bbox 10 256 1205 1551">
     <span class='ocr_line' id='line_1_2' title="bbox 19 256 1205 339; baseline 0.002 -16"><span class='ocrx_word' id='word_1_4' title='bbox 19 272 22 277; x_wconf 88' lang='grc'><em>·</em></span> <span class='ocrx_word' id='word_1_5' title='bbox 72 256 166 339; x_wconf 76' lang='lat' dir='ltr'><strong>bona</strong></span> <span class='ocrx_word' id='word_1_6' title='bbox 186 258 290 338; x_wconf 86' lang='lat' dir='ltr'><strong>possit</strong></span> <span class='ocrx_word' id='word_1_7' title='bbox 311 256 422 323; x_wconf 84' lang='lat' dir='ltr'><strong>baberi</strong></span> <span class='ocrx_word' id='word_1_8' title='bbox 444 258 595 337; x_wconf 84' lang='lat' dir='ltr'><strong>suspicio.</strong></span> <span class='ocrx_word' id='word_1_9' title='bbox 625 258 658 321; x_wconf 91' lang='lat' dir='ltr'><strong>in</strong></span> <span class='ocrx_word' id='word_1_10' title='bbox 682 258 775 325; x_wconf 92' lang='lat' dir='ltr'><strong>domo</strong></span> <span class='ocrx_word' id='word_1_11' title='bbox 796 257 848 323; x_wconf 86' lang='lat' dir='ltr'><strong>vel</strong></span> <span class='ocrx_word' id='word_1_12' title='bbox 870 264 961 323; x_wconf 81' lang='lat' dir='ltr'><strong>extra</strong></span> <span class='ocrx_word' id='word_1_13' title='bbox 982 257 1127 325; x_wconf 88' lang='lat' dir='ltr'><strong>detincre</strong></span> <span class='ocrx_word' id='word_1_14' title='bbox 1147 267 1205 326; x_wconf 84' lang='lat' dir='ltr'><strong>eut</strong></span> 
     </span>
     <span class='ocr_line' id='line_1_3' title="bbox 70 344 1205 426; baseline 0.002 -15"><span class='ocrx_word' id='word_1_15' title='bbox 70 344 140 411; x_wconf 78' lang='lat' dir='ltr'><strong>ulum</strong></span> <span class='ocrx_word' id='word_1_16' title='bbox 159 362 228 410; x_wconf 89' lang='lat' dir='ltr'><strong>anm</strong></span> <span class='ocrx_word' id='word_1_17' title='bbox 251 364 292 411; x_wconf 84' lang='lat' dir='ltr'><strong>ea</strong></span> <span class='ocrx_word' id='word_1_18' title='bbox 325 346 584 411; x_wconf 75' lang='lat' dir='ltr'><strong>consuetudinem</strong></span> <span class='ocrx_word' id='word_1_19' title='bbox 615 346 736 411; x_wconf 86' lang='lat' dir='ltr'><strong>babere</strong></span> <span class='ocrx_word' id='word_1_20' title='bbox 766 346 896 424; x_wconf 84' lang='lat' dir='ltr'><strong>audeat,</strong></span> <span class='ocrx_word' id='word_1_21' title='bbox 930 346 1039 426; x_wconf 88' lang='lat' dir='ltr'><strong>poenis</strong></span> <span class='ocrx_word' id='word_1_22' title='bbox 1061 365 1081 410; x_wconf 84' lang='lat' dir='ltr'><strong>s</strong></span> <span class='ocrx_word' id='word_1_23' title='bbox 1103 349 1205 413; x_wconf 74' lang='lat' dir='ltr'><strong>sacrm</strong></span> 
     </span>
     <span class='ocr_line' id='line_1_4' title="bbox 69 430 1203 515; baseline 0.003 -18"><span class='ocrx_word' id='word_1_24' title='bbox 69 430 230 512; x_wconf 74' lang='lat' dir='ltr'><strong>ortubus,</strong></span> <span class='ocrx_word' id='word_1_25' title='bbox 253 438 288 497; x_wconf 93' lang='lat' dir='ltr'><strong>et</strong></span> <span class='ocrx_word' id='word_1_26' title='bbox 303 433 444 514; x_wconf 81' lang='lat' dir='ltr'><strong>generali</strong></span> <span class='ocrx_word' id='word_1_27' title='bbox 458 433 649 513; x_wconf 87' lang='lat' dir='ltr'><strong>praesertim</strong></span> <span class='ocrx_word' id='word_1_28' title='bbox 664 432 1021 514; x_wconf 82' lang='lat' dir='ltr'><strong>TridentinaSynod01)</strong></span> <span class='ocrx_word' id='word_1_29' title='bbox 1038 434 1203 515; x_wconf 80' lang='lat' dir='ltr'><strong>impositis,</strong></span> 
     </span>
     <span class='ocr_line' id='line_1_5' title="bbox 11 520 1204 602; baseline 0 -15"><span class='ocrx_word' id='word_1_30' title='bbox 11 532 15 593; x_wconf 79' lang='grc' dir='ltr'>ἶ</span> <span class='ocrx_word' id='word_1_31' title='bbox 64 522 137 587; x_wconf 72' lang='lat' dir='ltr'><strong>mn</strong></span> <span class='ocrx_word' id='word_1_32' title='bbox 157 523 225 586; x_wconf 89' lang='lat' dir='ltr'><strong>sine</strong></span> <span class='ocrx_word' id='word_1_33' title='bbox 247 523 385 602; x_wconf 89' lang='lat' dir='ltr'><strong>strepitu</strong></span> <span class='ocrx_word' id='word_1_34' title='bbox 416 526 451 585; x_wconf 92' lang='lat' dir='ltr'><strong>et</strong></span> <span class='ocrx_word' id='word_1_35' title='bbox 473 520 576 602; x_wconf 86' lang='lat' dir='ltr'><strong>figura</strong></span> <span class='ocrx_word' id='word_1_36' title='bbox 594 521 720 601; x_wconf 89' lang='lat' dir='ltr'><strong>judicii,</strong></span> <span class='ocrx_word' id='word_1_37' title='bbox 753 530 787 586; x_wconf 90' lang='lat' dir='ltr'><strong>et</strong></span> <span class='ocrx_word' id='word_1_38' title='bbox 809 521 877 586; x_wconf 89' lang='lat' dir='ltr'><strong>sola</strong></span> <span class='ocrx_word' id='word_1_39' title='bbox 899 520 975 586; x_wconf 88' lang='lat' dir='ltr'><strong>lacti</strong></span> <span class='ocrx_word' id='word_1_40' title='bbox 996 523 1133 587; x_wconf 81' lang='lat' dir='ltr'><strong>veritate</strong></span> <span class='ocrx_word' id='word_1_41' title='bbox 1155 524 1204 587; x_wconf 93' lang='lat' dir='ltr'><strong>in·</strong></span> 
     </span>
     <span class='ocr_line' id='line_1_6' title="bbox 10 607 1203 691; baseline 0.003 -20"><span class='ocrx_word' id='word_1_42' title='bbox 10 620 18 645; x_wconf 90' lang='grc'><strong>-·</strong></span> <span class='ocrx_word' id='word_1_43' title='bbox 63 614 164 690; x_wconf 74' lang='lat' dir='ltr'><strong>pedu.</strong></span> <span class='ocrx_word' id='word_1_44' title='bbox 198 615 313 681; x_wconf 86' lang='lat' dir='ltr'><strong>contra</strong></span> <span class='ocrx_word' id='word_1_45' title='bbox 335 627 406 673; x_wconf 91' lang='lat' dir='ltr'><strong>eum</strong></span> <span class='ocrx_word' id='word_1_46' title='bbox 437 609 638 691; x_wconf 78' lang='lat' dir='ltr'><strong>procedatur.</strong></span> <span class='ocrx_word' id='word_1_47' title='bbox 691 607 739 674; x_wconf 92' lang='lat' dir='ltr'><strong>Ne</strong></span> <span class='ocrx_word' id='word_1_48' title='bbox 768 617 876 674; x_wconf 90' lang='lat' dir='ltr'><strong>tamen</strong></span> <span class='ocrx_word' id='word_1_49' title='bbox 907 609 990 674; x_wconf 97' lang='lat' dir='ltr'><strong>bono</strong></span> <span class='ocrx_word' id='word_1_50' title='bbox 1020 608 1203 675; x_wconf 85' lang='lat' dir='ltr'><strong>clericorum</strong></span> 
     </span>
     <span class='ocr_line' id='line_1_7' title="bbox 62 695 1204 777; baseline 0 -16"><span class='ocrx_word' id='word_1_51' title='bbox 62 696 157 761; x_wconf 73' lang='lat' dir='ltr'><strong>nomini</strong></span> <span class='ocrx_word' id='word_1_52' title='bbox 181 695 307 761; x_wconf 83' lang='lat' dir='ltr'><strong>macula</strong></span> <span class='ocrx_word' id='word_1_53' title='bbox 330 697 423 761; x_wconf 87' lang='lat' dir='ltr'><strong>nimis</strong></span> <span class='ocrx_word' id='word_1_54' title='bbox 452 696 545 760; x_wconf 87' lang='lat' dir='ltr'><strong>facile</strong></span> <span class='ocrx_word' id='word_1_55' title='bbox 575 701 778 777; x_wconf 84' lang='lat' dir='ltr'><strong>aspergatur,</strong></span> <span class='ocrx_word' id='word_1_56' title='bbox 812 715 850 761; x_wconf 86' lang='lat' dir='ltr'><strong>ac</strong></span> <span class='ocrx_word' id='word_1_57' title='bbox 881 696 1064 777; x_wconf 87' lang='lat' dir='ltr'><strong>praecipitis</strong></span> <span class='ocrx_word' id='word_1_58' title='bbox 1092 704 1124 761; x_wconf 92' lang='lat' dir='ltr'><strong>et</strong></span> <span class='ocrx_word' id='word_1_59' title='bbox 1145 699 1204 761; x_wconf 92' lang='lat' dir='ltr'><strong>im·</strong></span> 
     </span>
     <span class='ocr_line' id='line_1_8' title="bbox 61 783 1202 865; baseline 0.002 -18"><span class='ocrx_word' id='word_1_60' title='bbox 61 785 155 849; x_wconf 84' lang='lat' dir='ltr'><strong>mturi</strong></span> <span class='ocrx_word' id='word_1_61' title='bbox 188 783 314 848; x_wconf 88' lang='lat' dir='ltr'><strong>arbitrii</strong></span> <span class='ocrx_word' id='word_1_62' title='bbox 345 786 436 864; x_wconf 81' lang='lat' dir='ltr'><strong>argui</strong></span> <span class='ocrx_word' id='word_1_63' title='bbox 469 803 619 865; x_wconf 86' lang='lat' dir='ltr'><strong>umquam</strong></span> <span class='ocrx_word' id='word_1_64' title='bbox 641 786 743 865; x_wconf 80' lang='lat' dir='ltr'><strong>possit</strong></span> <span class='ocrx_word' id='word_1_65' title='bbox 764 786 952 865; x_wconf 79' lang='lat' dir='ltr'><strong>Episcopus,</strong></span> <span class='ocrx_word' id='word_1_66' title='bbox 989 790 1084 865; x_wconf 86' lang='lat' dir='ltr'><strong>atque</strong></span> <span class='ocrx_word' id='word_1_67' title='bbox 1110 787 1202 849; x_wconf 93' lang='lat' dir='ltr'><strong>utin</strong></span> 
     </span>
     <span class='ocr_line' id='line_1_9' title="bbox 62 871 1203 954; baseline 0.003 -19"><span class='ocrx_word' id='word_1_68' title='bbox 62 886 118 935; x_wconf 71' lang='lat' dir='ltr'><strong>osu</strong></span> <span class='ocrx_word' id='word_1_69' title='bbox 136 888 284 935; x_wconf 87' lang='lat' dir='ltr'><strong>recursus</strong></span> <span class='ocrx_word' id='word_1_70' title='bbox 306 877 417 952; x_wconf 90' lang='lat' dir='ltr'><strong>pateat</strong></span> <span class='ocrx_word' id='word_1_71' title='bbox 435 872 561 954; x_wconf 86' lang='lat' dir='ltr'><strong>justitia</strong></span> <span class='ocrx_word' id='word_1_72' title='bbox 583 871 640 936; x_wconf 87' lang='lat' dir='ltr'><strong>lati</strong></span> <span class='ocrx_word' id='word_1_73' title='bbox 658 872 785 954; x_wconf 74' lang='lat' dir='ltr'><strong>judieii,</strong></span> <span class='ocrx_word' id='word_1_74' title='bbox 816 872 950 951; x_wconf 88' lang='lat' dir='ltr'><strong>idcireo,</strong></span> <span class='ocrx_word' id='word_1_75' title='bbox 974 890 1066 937; x_wconf 92' lang='lat' dir='ltr'><strong>sacro</strong></span> <span class='ocrx_word' id='word_1_76' title='bbox 1089 891 1203 954; x_wconf 80' lang='lat' dir='ltr'><strong>eppro</strong></span> 
     </span>
     <span class='ocr_line' id='line_1_10' title="bbox 61 956 1201 1041; baseline 0.003 -18"><span class='ocrx_word' id='word_1_77' title='bbox 61 958 135 1023; x_wconf 67' lang='lat' dir='ltr'><strong>bute</strong></span> <span class='ocrx_word' id='word_1_78' title='bbox 155 956 314 1037; x_wconf 91' lang='lat' dir='ltr'><strong>Concilio,</strong></span> <span class='ocrx_word' id='word_1_79' title='bbox 349 960 548 1039; x_wconf 89' lang='lat' dir='ltr'><strong>mandamus,</strong></span> <span class='ocrx_word' id='word_1_80' title='bbox 582 965 619 1023; x_wconf 88' lang='lat' dir='ltr'><strong>ut</strong></span> <span class='ocrx_word' id='word_1_81' title='bbox 648 960 905 1040; x_wconf 85' lang='lat' dir='ltr'><strong>extrajudiciales</strong></span> <span class='ocrx_word' id='word_1_82' title='bbox 935 960 1137 1041; x_wconf 78' lang='lat' dir='ltr'><strong>probationes</strong></span> <span class='ocrx_word' id='word_1_83' title='bbox 1160 962 1201 1026; x_wconf 85' lang='lat' dir='ltr'><strong>ab</strong></span> 
     </span>
     <span class='ocr_line' id='line_1_11' title="bbox 63 1044 1204 1130; baseline 0 -18"><span class='ocrx_word' id='word_1_84' title='bbox 63 1044 193 1127; x_wconf 66' lang='lat' dir='ltr'><strong>biscopo</strong></span> <span class='ocrx_word' id='word_1_85' title='bbox 229 1047 384 1112; x_wconf 84' lang='lat' dir='ltr'><strong>collectae</strong></span> <span class='ocrx_word' id='word_1_86' title='bbox 413 1048 531 1130; x_wconf 87' lang='lat' dir='ltr'><strong>scripto</strong></span> <span class='ocrx_word' id='word_1_87' title='bbox 568 1048 792 1123; x_wconf 68' lang='lat' dir='ltr'><strong>consignentur</strong></span> <span class='ocrx_word' id='word_1_88' title='bbox 821 1049 1009 1114; x_wconf 88' lang='lat' dir='ltr'><strong>documento</strong></span> <span class='ocrx_word' id='word_1_89' title='bbox 1044 1049 1076 1112; x_wconf 95' lang='lat' dir='ltr'><strong>in</strong></span> <span class='ocrx_word' id='word_1_90' title='bbox 1108 1047 1204 1114; x_wconf 87' lang='lat' dir='ltr'><strong>Curia</strong></span> 
     </span>
     <span class='ocr_line' id='line_1_12' title="bbox 63 1132 1202 1216; baseline 0.007 -20"><span class='ocrx_word' id='word_1_91' title='bbox 63 1132 217 1215; x_wconf 71' lang='lat' dir='ltr'><strong>bbeomb</strong></span> <span class='ocrx_word' id='word_1_92' title='bbox 239 1134 411 1216; x_wconf 85' lang='lat' dir='ltr'><strong>diligenter</strong></span> <span class='ocrx_word' id='word_1_93' title='bbox 441 1140 475 1199; x_wconf 92' lang='lat' dir='ltr'><strong>et</strong></span> <span class='ocrx_word' id='word_1_94' title='bbox 501 1142 593 1199; x_wconf 72' lang='lat' dir='ltr'><strong>canite</strong></span> <span class='ocrx_word' id='word_1_95' title='bbox 621 1137 828 1211; x_wconf 70' lang='lat' dir='ltr'><strong>asservando,</strong></span> <span class='ocrx_word' id='word_1_96' title='bbox 860 1135 1017 1216; x_wconf 89' lang='lat' dir='ltr'><strong>simulque</strong></span> <span class='ocrx_word' id='word_1_97' title='bbox 1048 1135 1202 1213; x_wconf 86' lang='lat' dir='ltr'><strong>volumus,</strong></span> 
     </span>
     <span class='ocr_line' id='line_1_13' title="bbox 65 1222 1203 1303; baseline 0.003 -18"><span class='ocrx_word' id='word_1_98' title='bbox 65 1223 310 1303; x_wconf 76' lang='lat' dir='ltr'><strong>upraescripcae</strong></span> <span class='ocrx_word' id='word_1_99' title='bbox 326 1242 345 1287; x_wconf 90' lang='lat' dir='ltr'><strong>a</strong></span> <span class='ocrx_word' id='word_1_100' title='bbox 361 1222 500 1288; x_wconf 89' lang='lat' dir='ltr'><strong>Concilio</strong></span> <span class='ocrx_word' id='word_1_101' title='bbox 516 1223 700 1287; x_wconf 87' lang='lat' dir='ltr'><strong>Tridentino</strong></span> <span class='ocrx_word' id='word_1_102' title='bbox 715 1224 905 1288; x_wconf 82' lang='lat' dir='ltr'><strong>monitiones</strong></span> <span class='ocrx_word' id='word_1_103' title='bbox 927 1243 989 1287; x_wconf 93' lang='lat' dir='ltr'><strong>non</strong></span> <span class='ocrx_word' id='word_1_104' title='bbox 1005 1224 1203 1301; x_wconf 84' lang='lat' dir='ltr'><strong>omittantur,</strong></span> 
     </span>
     <span class='ocr_line' id='line_1_14' title="bbox 66 1310 1202 1392; baseline 0.004 -19"><span class='ocrx_word' id='word_1_105' title='bbox 66 1310 233 1389; x_wconf 75' lang='lat' dir='ltr'><strong>poetam</strong></span> <span class='ocrx_word' id='word_1_106' title='bbox 267 1311 500 1392; x_wconf 85' lang='lat' dir='ltr'><strong>extrajudiciali</strong></span> <span class='ocrx_word' id='word_1_107' title='bbox 531 1310 641 1389; x_wconf 85' lang='lat' dir='ltr'><strong>forma,</strong></span> <span class='ocrx_word' id='word_1_108' title='bbox 678 1311 743 1373; x_wconf 82' lang='lat' dir='ltr'><strong>sive</strong></span> <span class='ocrx_word' id='word_1_109' title='bbox 775 1312 807 1375; x_wconf 91' lang='lat' dir='ltr'><strong>in</strong></span> <span class='ocrx_word' id='word_1_110' title='bbox 835 1312 961 1392; x_wconf 88' lang='lat' dir='ltr'><strong>scriptis</strong></span> <span class='ocrx_word' id='word_1_111' title='bbox 995 1313 1062 1377; x_wconf 86' lang='lat' dir='ltr'><strong>sive</strong></span> <span class='ocrx_word' id='word_1_112' title='bbox 1097 1330 1202 1377; x_wconf 86' lang='lat' dir='ltr'><strong>coram</strong></span> 
     </span>
     <span class='ocr_line' id='line_1_15' title="bbox 67 1397 1204 1549; baseline 0 -86"><span class='ocrx_word' id='word_1_113' title='bbox 67 1397 183 1549; x_wconf 55' lang='lat' dir='ltr'><strong>lgnibus,</strong></span> <span class='ocrx_word' id='word_1_114' title='bbox 218 1399 266 1463; x_wconf 89' lang='lat' dir='ltr'><strong>ita</strong></span> <span class='ocrx_word' id='word_1_115' title='bbox 294 1397 399 1463; x_wconf 82' lang='lat' dir='ltr'><strong>iacere</strong></span> <span class='ocrx_word' id='word_1_116' title='bbox 428 1398 539 1477; x_wconf 88' lang='lat' dir='ltr'><strong>liceat,</strong></span> <span class='ocrx_word' id='word_1_117' title='bbox 575 1404 612 1463; x_wconf 89' lang='lat' dir='ltr'><strong>ut</strong></span> <span class='ocrx_word' id='word_1_118' title='bbox 640 1403 748 1462; x_wconf 85' lang='lat' dir='ltr'><strong>tamen</strong></span> <span class='ocrx_word' id='word_1_119' title='bbox 780 1399 819 1464; x_wconf 90' lang='lat' dir='ltr'><strong>de</strong></span> <span class='ocrx_word' id='word_1_120' title='bbox 854 1399 893 1463; x_wconf 90' lang='lat' dir='ltr'><strong>iis</strong></span> <span class='ocrx_word' id='word_1_121' title='bbox 916 1399 1140 1466; x_wconf 81' lang='lat' dir='ltr'><strong>documentum</strong></span> <span class='ocrx_word' id='word_1_122' title='bbox 1170 1401 1204 1463; x_wconf 91' lang='lat' dir='ltr'><strong>in</strong></span> 
     </span>
     <span class='ocr_line' id='line_1_16' title="bbox 111 1486 251 1551; baseline 0.014 -2"><span class='ocrx_word' id='word_1_123' title='bbox 111 1486 136 1549; x_wconf 85' lang='lat' dir='ltr'><strong>&#39;a</strong></span> <span class='ocrx_word' id='word_1_124' title='bbox 155 1490 251 1551; x_wconf 85' lang='lat' dir='ltr'><strong>extet.</strong></span> 
     </span>
    </p>
   </div>
   <div class='ocr_carea' id='block_1_3' title="bbox 340 1656 723 1694">
    <p class='ocr_par' dir='ltr' id='par_1_3' title="bbox 340 1656 723 1694">
     <span class='ocr_line' id='line_1_17' title="bbox 340 1656 723 1694; baseline 0 -1"><span class='ocrx_word' id='word_1_125' title='bbox 340 1656 355 1693; x_wconf 73' lang='grc'><strong><em>4</em></strong></span> <span class='ocrx_word' id='word_1_126' title='bbox 518 1674 568 1694; x_wconf 79' lang='lat'>:.·.::</span> <span class='ocrx_word' id='word_1_127' title='bbox 578 1674 723 1694; x_wconf 63' lang='lat'><strong>‚22:222</strong></span> 
     </span>
    </p>
   </div>
   <div class='ocr_carea' id='block_1_4' title="bbox 208 1851 1031 2094">
    <p class='ocr_par' dir='ltr' id='par_1_4' title="bbox 208 1851 1031 2094">
     <span class='ocr_line' id='line_1_18' title="bbox 494 1851 747 1935; baseline -0.004 0"><span class='ocrx_word' id='word_1_128' title='bbox 494 1853 530 1935; x_wconf 83' lang='grc'><strong>4.</strong></span> <span class='ocrx_word' id='word_1_129' title='bbox 559 1851 747 1935; x_wconf 74' lang='lat' dir='ltr'><strong>Sbfllllll</strong></span> 
     </span>
     <span class='ocr_line' id='line_1_19' title="bbox 208 2026 1031 2094; baseline 0.002 -3"><span class='ocrx_word' id='word_1_130' title='bbox 208 2026 274 2091; x_wconf 87' lang='lat' dir='ltr'><strong>nn</strong></span> <span class='ocrx_word' id='word_1_131' title='bbox 298 2026 432 2093; x_wconf 86' lang='lat' dir='ltr'><strong>snnn</strong></span> <span class='ocrx_word' id='word_1_132' title='bbox 456 2027 765 2094; x_wconf 80' lang='lat' dir='ltr'><strong>EPISCOPALI</strong></span> <span class='ocrx_word' id='word_1_133' title='bbox 788 2027 1031 2094; x_wconf 76' lang='lat' dir='ltr'><strong>vacamus.</strong></span> 
     </span>
    </p>
   </div>
   <div class='ocr_carea' id='block_1_5' title="bbox 525 2219 715 2287">
    <p class='ocr_par' dir='ltr' id='par_1_5' title="bbox 525 2219 715 2287">
     <span class='ocr_line' id='line_1_20' title="bbox 525 2219 715 2287; baseline -0.005 -2"><span class='ocrx_word' id='word_1_134' title='bbox 525 2219 662 2287; x_wconf 82' lang='lat' dir='ltr'><strong>CAPUT</strong></span> <span class='ocrx_word' id='word_1_135' title='bbox 690 2222 715 2286; x_wconf 95' lang='grc' dir='ltr'><strong>Ι.</strong></span> 
     </span>
    </p>
   </div>
   <div class='ocr_carea' id='block_1_6' title="bbox 40 2360 1203 3936">
    <p class='ocr_par' dir='ltr' id='par_1_6' title="bbox 40 2360 1203 3743">
     <span class='ocr_line' id='line_1_21' title="bbox 141 2360 1203 2443; baseline 0.001 -18"><span class='ocrx_word' id='word_1_136' title='bbox 141 2360 361 2427; x_wconf 83' lang='lat' dir='ltr'><strong>Ecclesiamm</strong></span> <span class='ocrx_word' id='word_1_137' title='bbox 393 2361 575 2425; x_wconf 85' lang='lat' dir='ltr'><strong>vacantium</strong></span> <span class='ocrx_word' id='word_1_138' title='bbox 612 2361 757 2443; x_wconf 85' lang='lat' dir='ltr'><strong>regimini</strong></span> <span class='ocrx_word' id='word_1_139' title='bbox 790 2379 847 2441; x_wconf 91' lang='lat' dir='ltr'><strong>pro</strong></span> <span class='ocrx_word' id='word_1_140' title='bbox 880 2361 1064 2442; x_wconf 89' lang='lat' dir='ltr'><strong>Apostolica</strong></span> <span class='ocrx_word' id='word_1_141' title='bbox 1093 2367 1203 2426; x_wconf 87' lang='lat' dir='ltr'><strong>nostra</strong></span> 
     </span>
     <span class='ocr_line' id='line_1_22' title="bbox 66 2443 1202 2529; baseline 0.002 -17"><span class='ocrx_word' id='word_1_142' title='bbox 66 2443 246 2513; x_wconf 76' lang='lat' dir='ltr'><strong>tollidtudine</strong></span> <span class='ocrx_word' id='word_1_143' title='bbox 282 2450 367 2513; x_wconf 94' lang='lat' dir='ltr'><strong>omni</strong></span> <span class='ocrx_word' id='word_1_144' title='bbox 400 2448 523 2513; x_wconf 89' lang='lat' dir='ltr'><strong>meliori</strong></span> <span class='ocrx_word' id='word_1_145' title='bbox 555 2449 649 2513; x_wconf 93' lang='lat' dir='ltr'><strong>modo</strong></span> <span class='ocrx_word' id='word_1_146' title='bbox 683 2450 863 2529; x_wconf 90' lang='lat' dir='ltr'><strong>prospicere</strong></span> <span class='ocrx_word' id='word_1_147' title='bbox 898 2449 1074 2529; x_wconf 86' lang='lat' dir='ltr'><strong>cupientes,</strong></span> <span class='ocrx_word' id='word_1_148' title='bbox 1110 2468 1202 2514; x_wconf 84' lang='lat' dir='ltr'><strong>sacro</strong></span> 
     </span>
     <span class='ocr_line' id='line_1_23' title="bbox 64 2534 1203 2617; baseline 0 -16"><span class='ocrx_word' id='word_1_149' title='bbox 64 2538 233 2615; x_wconf 78' lang='lat' dir='ltr'><strong>pprobante</strong></span> <span class='ocrx_word' id='word_1_150' title='bbox 256 2534 405 2615; x_wconf 80' lang='lat' dir='ltr'><strong>Concilio,</strong></span> <span class='ocrx_word' id='word_1_151' title='bbox 437 2536 591 2616; x_wconf 84' lang='lat' dir='ltr'><strong>volumus,</strong></span> <span class='ocrx_word' id='word_1_152' title='bbox 623 2542 660 2600; x_wconf 88' lang='lat' dir='ltr'><strong>ut</strong></span> <span class='ocrx_word' id='word_1_153' title='bbox 682 2554 765 2617; x_wconf 89' lang='lat' dir='ltr'><strong>quae</strong></span> <span class='ocrx_word' id='word_1_154' title='bbox 788 2537 821 2600; x_wconf 92' lang='lat' dir='ltr'><strong>in</strong></span> <span class='ocrx_word' id='word_1_155' title='bbox 852 2536 995 2617; x_wconf 82' lang='lat' dir='ltr'><strong>generali</strong></span> <span class='ocrx_word' id='word_1_156' title='bbox 1017 2535 1203 2601; x_wconf 82' lang='lat' dir='ltr'><strong>Tridentino</strong></span> 
     </span>
     <span class='ocr_line' id='line_1_24' title="bbox 40 2615 1202 2709; baseline 0.001 -20"><span class='ocrx_word' id='word_1_157' title='bbox 40 2615 202 2709; x_wconf 56' lang='lat' dir='ltr'><strong>&#39;brodon</strong></span> <span class='ocrx_word' id='word_1_158' title='bbox 233 2624 364 2689; x_wconf 87' lang='lat' dir='ltr'><strong>decreta</strong></span> <span class='ocrx_word' id='word_1_159' title='bbox 396 2643 435 2689; x_wconf 89' lang='lat' dir='ltr'><strong>ac</strong></span> <span class='ocrx_word' id='word_1_160' title='bbox 465 2625 587 2689; x_wconf 86' lang='lat' dir='ltr'><strong>sancita</strong></span> <span class='ocrx_word' id='word_1_161' title='bbox 617 2623 746 2688; x_wconf 88' lang='lat' dir='ltr'><strong>fuerunt</strong></span> <span class='ocrx_word' id='word_1_162' title='bbox 780 2624 950 2705; x_wconf 83' lang='lat' dir='ltr'><strong>diligenter</strong></span> <span class='ocrx_word' id='word_1_163' title='bbox 984 2625 1202 2690; x_wconf 86' lang='lat' dir='ltr'><strong>observentur.</strong></span> 
     </span>
     <span class='ocr_line' id='line_1_25' title="bbox 62 2703 1203 2794; baseline 0.006 -23"><span class='ocrx_word' id='word_1_164' title='bbox 62 2703 128 2776; x_wconf 84' lang='lat' dir='ltr'><strong>Unus</strong></span> <span class='ocrx_word' id='word_1_165' title='bbox 161 2714 204 2777; x_wconf 90' lang='lat' dir='ltr'><strong>sit</strong></span> <span class='ocrx_word' id='word_1_166' title='bbox 227 2708 367 2794; x_wconf 83' lang='lat' dir='ltr'><strong>Capituli</strong></span> <span class='ocrx_word' id='word_1_167' title='bbox 396 2712 543 2777; x_wconf 89' lang='lat' dir='ltr'><strong>Vicarius</strong></span> <span class='ocrx_word' id='word_1_168' title='bbox 579 2713 631 2791; x_wconf 83' lang='lat' dir='ltr'><strong>qui</strong></span> <span class='ocrx_word' id='word_1_169' title='bbox 662 2712 775 2777; x_wconf 85' lang='lat' dir='ltr'><strong>saltem</strong></span> <span class='ocrx_word' id='word_1_170' title='bbox 809 2712 842 2774; x_wconf 93' lang='lat' dir='ltr'><strong>in</strong></span> <span class='ocrx_word' id='word_1_171' title='bbox 873 2712 946 2792; x_wconf 87' lang='lat' dir='ltr'><strong>jure</strong></span> <span class='ocrx_word' id='word_1_172' title='bbox 980 2713 1129 2778; x_wconf 89' lang='lat' dir='ltr'><strong>canonico</strong></span> <span class='ocrx_word' id='word_1_173' title='bbox 1160 2714 1203 2778; x_wconf 91' lang='lat' dir='ltr'><strong>sit</strong></span> 
     </span>
     <span class='ocr_line' id='line_1_26' title="bbox 61 2793 1202 2880; baseline 0.007 -23"><span class='ocrx_word' id='word_1_174' title='bbox 61 2793 158 2879; x_wconf 84' lang='lat' dir='ltr'><strong>doctor,</strong></span> <span class='ocrx_word' id='word_1_175' title='bbox 181 2799 232 2864; x_wconf 89' lang='lat' dir='ltr'><strong>vel</strong></span> <span class='ocrx_word' id='word_1_176' title='bbox 257 2800 338 2865; x_wconf 88' lang='lat' dir='ltr'><strong>alias</strong></span> <span class='ocrx_word' id='word_1_177' title='bbox 361 2803 514 2880; x_wconf 86' lang='lat' dir='ltr'><strong>quantum</strong></span> <span class='ocrx_word' id='word_1_178' title='bbox 537 2798 606 2864; x_wconf 88' lang='lat' dir='ltr'><strong>fieri</strong></span> <span class='ocrx_word' id='word_1_179' title='bbox 629 2800 745 2880; x_wconf 90' lang='lat' dir='ltr'><strong>poterit</strong></span> <span class='ocrx_word' id='word_1_180' title='bbox 767 2800 913 2879; x_wconf 71' lang='lat' dir='ltr'><strong>idoneus,</strong></span> <span class='ocrx_word' id='word_1_181' title='bbox 938 2800 971 2863; x_wconf 93' lang='lat' dir='ltr'><strong>in</strong></span> <span class='ocrx_word' id='word_1_182' title='bbox 994 2817 1055 2880; x_wconf 90' lang='lat' dir='ltr'><strong>quo</strong></span> <span class='ocrx_word' id='word_1_183' title='bbox 1078 2818 1202 2865; x_wconf 90' lang='lat' dir='ltr'><strong>morum</strong></span> 
     </span>
     <span class='ocr_line' id='line_1_27' title="bbox 59 2881 1202 2970; baseline 0.001 -19"><span class='ocrx_word' id='word_1_184' title='bbox 59 2881 213 2968; x_wconf 82' lang='lat' dir='ltr'><strong>ilrtegritas,</strong></span> <span class='ocrx_word' id='word_1_185' title='bbox 236 2889 349 2969; x_wconf 85' lang='lat' dir='ltr'><strong>pietas,</strong></span> <span class='ocrx_word' id='word_1_186' title='bbox 371 2904 450 2952; x_wconf 88' lang='lat' dir='ltr'><strong>sana</strong></span> <span class='ocrx_word' id='word_1_187' title='bbox 465 2888 619 2966; x_wconf 89' lang='lat' dir='ltr'><strong>doctrina,</strong></span> <span class='ocrx_word' id='word_1_188' title='bbox 644 2893 675 2951; x_wconf 91' lang='lat' dir='ltr'><strong>et</strong></span> <span class='ocrx_word' id='word_1_189' title='bbox 698 2887 880 2970; x_wconf 89' lang='lat' dir='ltr'><strong>aqualibet</strong></span> <span class='ocrx_word' id='word_1_190' title='bbox 902 2892 989 2967; x_wconf 89' lang='lat' dir='ltr'><strong>nota,</strong></span> <span class='ocrx_word' id='word_1_191' title='bbox 1012 2890 1202 2968; x_wconf 90' lang='lat' dir='ltr'><strong>praesertim</strong></span> 
     </span>
     <span class='ocr_line' id='line_1_28' title="bbox 57 2973 1201 3055; baseline 0.003 -18"><span class='ocrx_word' id='word_1_192' title='bbox 57 2973 271 3040; x_wconf 78' lang='lat' dir='ltr'><strong>ecclesiasticae</strong></span> <span class='ocrx_word' id='word_1_193' title='bbox 301 2993 455 3041; x_wconf 86' lang='lat' dir='ltr'><strong>censurae</strong></span> <span class='ocrx_word' id='word_1_194' title='bbox 477 2976 659 3040; x_wconf 88' lang='lat' dir='ltr'><strong>immunitas</strong></span> <span class='ocrx_word' id='word_1_195' title='bbox 683 2994 753 3040; x_wconf 88' lang='lat' dir='ltr'><strong>cum</strong></span> <span class='ocrx_word' id='word_1_196' title='bbox 777 2976 926 3039; x_wconf 87' lang='lat' dir='ltr'><strong>scientiae</strong></span> <span class='ocrx_word' id='word_1_197' title='bbox 952 2994 989 3039; x_wconf 88' lang='lat' dir='ltr'><strong>ac</strong></span> <span class='ocrx_word' id='word_1_198' title='bbox 1011 2976 1201 3055; x_wconf 89' lang='lat' dir='ltr'><strong>prudentiae</strong></span> 
     </span>
     <span class='ocr_line' id='line_1_29' title="bbox 56 3054 1201 3144; baseline 0.005 -21"><span class='ocrx_word' id='word_1_199' title='bbox 56 3054 133 3126; x_wconf 77' lang='lat' dir='ltr'><strong>laude</strong></span> <span class='ocrx_word' id='word_1_200' title='bbox 160 3064 353 3144; x_wconf 88' lang='lat' dir='ltr'><strong>conspirent.</strong></span> <span class='ocrx_word' id='word_1_201' title='bbox 407 3061 574 3128; x_wconf 89' lang='lat' dir='ltr'><strong>Canonicis</strong></span> <span class='ocrx_word' id='word_1_202' title='bbox 602 3070 710 3128; x_wconf 86' lang='lat' dir='ltr'><strong>autem</strong></span> <span class='ocrx_word' id='word_1_203' title='bbox 741 3063 956 3128; x_wconf 88' lang='lat' dir='ltr'><strong>sanctionibus</strong></span> <span class='ocrx_word' id='word_1_204' title='bbox 989 3062 1201 3137; x_wconf 85' lang='lat' dir='ltr'><strong>inhaerentes,</strong></span> 
     </span>
     <span class='ocr_line' id='line_1_30' title="bbox 55 3148 1202 3232; baseline 0.003 -19"><span class='ocrx_word' id='word_1_205' title='bbox 55 3150 163 3215; x_wconf 77' lang='lat' dir='ltr'><strong>mnino</strong></span> <span class='ocrx_word' id='word_1_206' title='bbox 185 3150 388 3232; x_wconf 88' lang='lat' dir='ltr'><strong>probibemus</strong></span> <span class='ocrx_word' id='word_1_207' title='bbox 410 3168 449 3215; x_wconf 92' lang='lat' dir='ltr'><strong>ne</strong></span> <span class='ocrx_word' id='word_1_208' title='bbox 483 3150 524 3214; x_wconf 89' lang='lat' dir='ltr'><strong>ad</strong></span> <span class='ocrx_word' id='word_1_209' title='bbox 549 3151 664 3215; x_wconf 90' lang='lat' dir='ltr'><strong>Vicarii</strong></span> <span class='ocrx_word' id='word_1_210' title='bbox 695 3148 889 3232; x_wconf 85' lang='lat' dir='ltr'><strong>Capitularis</strong></span> <span class='ocrx_word' id='word_1_211' title='bbox 911 3167 1025 3214; x_wconf 90' lang='lat' dir='ltr'><strong>munus</strong></span> <span class='ocrx_word' id='word_1_212' title='bbox 1048 3152 1202 3232; x_wconf 85' lang='lat' dir='ltr'><strong>deputare</strong></span> 
     </span>
     <span class='ocr_line' id='line_1_31' title="bbox 54 3230 1201 3320; baseline 0.003 -20"><span class='ocrx_word' id='word_1_213' title='bbox 54 3230 133 3301; x_wconf 77' lang='lat' dir='ltr'><strong>licem</strong></span> <span class='ocrx_word' id='word_1_214' title='bbox 154 3239 208 3319; x_wconf 91' lang='lat' dir='ltr'><strong>qui</strong></span> <span class='ocrx_word' id='word_1_215' title='bbox 229 3239 376 3304; x_wconf 86' lang='lat' dir='ltr'><strong>vacantis</strong></span> <span class='ocrx_word' id='word_1_216' title='bbox 399 3237 490 3304; x_wconf 88' lang='lat' dir='ltr'><strong>Sedis</strong></span> <span class='ocrx_word' id='word_1_217' title='bbox 512 3236 607 3303; x_wconf 88' lang='lat' dir='ltr'><strong>fuerit</strong></span> <span class='ocrx_word' id='word_1_218' title='bbox 629 3238 829 3318; x_wconf 87' lang='lat' dir='ltr'><strong>Patriarcha,</strong></span> <span class='ocrx_word' id='word_1_219' title='bbox 854 3238 1126 3320; x_wconf 83' lang='lat' dir='ltr'><strong>Archiepiscopns,</strong></span> <span class='ocrx_word' id='word_1_220' title='bbox 1150 3239 1201 3304; x_wconf 91' lang='lat' dir='ltr'><strong>vel</strong></span> 
     </span>
     <span class='ocr_line' id='line_1_32' title="bbox 55 3318 1200 3408; baseline -0.001 -18"><span class='ocrx_word' id='word_1_221' title='bbox 55 3318 214 3406; x_wconf 75' lang='lat' dir='ltr'><strong>Episcopus</strong></span> <span class='ocrx_word' id='word_1_222' title='bbox 238 3326 367 3408; x_wconf 89' lang='lat' dir='ltr'><strong>electus,</strong></span> <span class='ocrx_word' id='word_1_223' title='bbox 389 3327 582 3405; x_wconf 86' lang='lat' dir='ltr'><strong>nominatus,</strong></span> <span class='ocrx_word' id='word_1_224' title='bbox 607 3343 663 3389; x_wconf 89' lang='lat' dir='ltr'><strong>seu</strong></span> <span class='ocrx_word' id='word_1_225' title='bbox 686 3331 922 3407; x_wconf 78' lang='lat' dir='ltr'><strong>praesentatus,</strong></span> <span class='ocrx_word' id='word_1_226' title='bbox 951 3333 983 3390; x_wconf 91' lang='lat' dir='ltr'><strong>et</strong></span> <span class='ocrx_word' id='word_1_227' title='bbox 1005 3327 1033 3390; x_wconf 93' lang='lat' dir='ltr'><strong>si</strong></span> <span class='ocrx_word' id='word_1_228' title='bbox 1055 3329 1124 3407; x_wconf 87' lang='lat' dir='ltr'><strong>ipse</strong></span> <span class='ocrx_word' id='word_1_229' title='bbox 1146 3325 1200 3389; x_wconf 88' lang='lat' dir='ltr'><strong>Vi·</strong></span> 
     </span>
     <span class='ocr_line' id='line_1_33' title="bbox 56 3411 1200 3493; baseline 0.002 -20"><span class='ocrx_word' id='word_1_230' title='bbox 56 3411 142 3476; x_wconf 81' lang='lat' dir='ltr'><strong>arins</strong></span> <span class='ocrx_word' id='word_1_231' title='bbox 163 3420 286 3479; x_wconf 86' lang='lat' dir='ltr'><strong>certum</strong></span> <span class='ocrx_word' id='word_1_232' title='bbox 308 3414 457 3478; x_wconf 90' lang='lat' dir='ltr'><strong>babuerit</strong></span> <span class='ocrx_word' id='word_1_233' title='bbox 477 3415 627 3479; x_wconf 90' lang='lat' dir='ltr'><strong>nuncium</strong></span> <span class='ocrx_word' id='word_1_234' title='bbox 650 3415 691 3479; x_wconf 93' lang='lat' dir='ltr'><strong>de</strong></span> <span class='ocrx_word' id='word_1_235' title='bbox 713 3431 772 3478; x_wconf 89' lang='lat' dir='ltr'><strong>sua</strong></span> <span class='ocrx_word' id='word_1_236' title='bbox 787 3413 951 3493; x_wconf 89' lang='lat' dir='ltr'><strong>electione,</strong></span> <span class='ocrx_word' id='word_1_237' title='bbox 974 3414 1200 3493; x_wconf 87' lang='lat' dir='ltr'><strong>nominatione,</strong></span> 
     </span>
     <span class='ocr_line' id='line_1_34' title="bbox 57 3501 1201 3583; baseline 0.003 -22"><span class='ocrx_word' id='word_1_238' title='bbox 57 3510 101 3561; x_wconf 78' lang='lat' dir='ltr'><strong>teu</strong></span> <span class='ocrx_word' id='word_1_239' title='bbox 118 3502 374 3581; x_wconf 87' lang='lat' dir='ltr'><strong>praesentatione</strong></span> <span class='ocrx_word' id='word_1_240' title='bbox 396 3502 438 3566; x_wconf 88' lang='lat' dir='ltr'><strong>ad</strong></span> <span class='ocrx_word' id='word_1_241' title='bbox 460 3501 654 3582; x_wconf 89' lang='lat' dir='ltr'><strong>praedictam</strong></span> <span class='ocrx_word' id='word_1_242' title='bbox 676 3508 842 3566; x_wconf 82' lang='lat' dir='ltr'><strong>vacantem</strong></span> <span class='ocrx_word' id='word_1_243' title='bbox 862 3501 1045 3579; x_wconf 86' lang='lat' dir='ltr'><strong>Ecclesiam,</strong></span> <span class='ocrx_word' id='word_1_244' title='bbox 1070 3519 1106 3564; x_wconf 87' lang='lat' dir='ltr'><strong>eo</strong></span> <span class='ocrx_word' id='word_1_245' title='bbox 1129 3502 1201 3583; x_wconf 92' lang='lat' dir='ltr'><strong>ipso</strong></span> 
     </span>
     <span class='ocr_line' id='line_1_35' title="bbox 59 3581 1199 3731; baseline 0.004 -85"><span class='ocrx_word' id='word_1_246' title='bbox 59 3581 90 3731; x_wconf 56' lang='grc' dir='ltr'><strong>ΞΙ)</strong></span> <span class='ocrx_word' id='word_1_247' title='bbox 108 3586 204 3654; x_wconf 86' lang='lat' dir='ltr'><strong>officio</strong></span> <span class='ocrx_word' id='word_1_248' title='bbox 232 3596 348 3668; x_wconf 85' lang='lat' dir='ltr'><strong>cesset,</strong></span> <span class='ocrx_word' id='word_1_249' title='bbox 383 3595 417 3654; x_wconf 93' lang='lat' dir='ltr'><strong>et</strong></span> <span class='ocrx_word' id='word_1_250' title='bbox 440 3587 623 3670; x_wconf 80' lang='lat' dir='ltr'><strong>Capitulum</strong></span> <span class='ocrx_word' id='word_1_251' title='bbox 646 3589 688 3653; x_wconf 88' lang='lat' dir='ltr'><strong>ad</strong></span> <span class='ocrx_word' id='word_1_252' title='bbox 715 3591 787 3654; x_wconf 90' lang='lat' dir='ltr'><strong>novi</strong></span> <span class='ocrx_word' id='word_1_253' title='bbox 818 3590 934 3654; x_wconf 87' lang='lat' dir='ltr'><strong>Viearii</strong></span> <span class='ocrx_word' id='word_1_254' title='bbox 963 3589 1199 3670; x_wconf 91' lang='lat' dir='ltr'><strong>deputationem</strong></span> 
     </span>
     <span class='ocr_line' id='line_1_36' title="bbox 74 3676 192 3743; baseline 0.093 -11"><span class='ocrx_word' id='word_1_255' title='bbox 74 3676 192 3743; x_wconf 74' lang='lat' dir='ltr'><strong>eveniat.</strong></span> 
     </span>
    </p>

    <p class='ocr_par' dir='ltr' id='par_1_7' title="bbox 60 3761 1200 3936">
     <span class='ocr_line' id='line_1_37' title="bbox 143 3761 1200 3846; baseline -0.003 -16"><span class='ocrx_word' id='word_1_256' title='bbox 143 3763 264 3842; x_wconf 86' lang='lat' dir='ltr'><strong>Quodsi</strong></span> <span class='ocrx_word' id='word_1_257' title='bbox 287 3764 504 3846; x_wconf 89' lang='lat' dir='ltr'><strong>praescriptae</strong></span> <span class='ocrx_word' id='word_1_258' title='bbox 534 3764 729 3829; x_wconf 90' lang='lat' dir='ltr'><strong>conditiones</strong></span> <span class='ocrx_word' id='word_1_259' title='bbox 761 3764 962 3845; x_wconf 89' lang='lat' dir='ltr'><strong>posthabitae</strong></span> <span class='ocrx_word' id='word_1_260' title='bbox 984 3761 1117 3841; x_wconf 81' lang='lat' dir='ltr'><strong>brerint,</strong></span> <span class='ocrx_word' id='word_1_261' title='bbox 1141 3763 1200 3827; x_wconf 92' lang='lat' dir='ltr'><strong>mi·</strong></span> 
     </span>
     <span class='ocr_line' id='line_1_38' title="bbox 60 3847 1200 3936; baseline 0.003 -25"><span class='ocrx_word' id='word_1_262' title='bbox 60 3847 113 3911; x_wconf 81' lang='lat' dir='ltr'><strong>lori</strong></span> <span class='ocrx_word' id='word_1_263' title='bbox 132 3849 358 3936; x_wconf 84' lang='lat' dir='ltr'><strong>Capitularium</strong></span> <span class='ocrx_word' id='word_1_264' title='bbox 381 3870 522 3932; x_wconf 87' lang='lat' dir='ltr'><strong>numero,</strong></span> <span class='ocrx_word' id='word_1_265' title='bbox 546 3851 597 3917; x_wconf 85' lang='lat' dir='ltr'><strong>vel</strong></span> <span class='ocrx_word' id='word_1_266' title='bbox 621 3851 713 3915; x_wconf 89' lang='lat' dir='ltr'><strong>alteri</strong></span> <span class='ocrx_word' id='word_1_267' title='bbox 744 3853 834 3934; x_wconf 86' lang='lat' dir='ltr'><strong>cujus</strong></span> <span class='ocrx_word' id='word_1_268' title='bbox 856 3854 994 3929; x_wconf 88' lang='lat' dir='ltr'><strong>interest,</strong></span> <span class='ocrx_word' id='word_1_269' title='bbox 1019 3849 1060 3913; x_wconf 88' lang='lat' dir='ltr'><strong>ad</strong></span> <span class='ocrx_word' id='word_1_270' title='bbox 1080 3849 1200 3915; x_wconf 76' lang='lat' dir='ltr'><strong>Metro</strong></span> 
     </span>
    </p>
   </div>
   <div class='ocr_carea' id='block_1_7' title="bbox 59 3983 246 4004">
    <p class='ocr_par' dir='ltr' id='par_1_8' title="bbox 59 3983 246 4004">
     <span class='ocr_line' id='line_1_39' title="bbox 59 3983 246 4004; baseline 0.011 -3"><span class='ocrx_word' id='word_1_271' title='bbox 59 3983 246 4004; x_wconf 45' lang='grc' dir='ltr'><strong>χ-φ-</strong></span> 
     </span>
    </p>
   </div>
   <div class='ocr_carea' id='block_1_8' title="bbox 144 4059 770 4200">
    <p class='ocr_par' dir='ltr' id='par_1_9' title="bbox 144 4059 770 4200">
     <span class='ocr_line' id='line_1_40' title="bbox 147 4059 770 4129; baseline -0.013 -9"><span class='ocrx_word' id='word_1_272' title='bbox 147 4066 167 4121; x_wconf 85' lang='grc'><strong>1)</strong></span> <span class='ocrx_word' id='word_1_273' title='bbox 185 4060 259 4116; x_wconf 81' lang='lat' dir='ltr'><strong>Sese.</strong></span> <span class='ocrx_word' id='word_1_274' title='bbox 279 4060 357 4113; x_wconf 86' lang='lat' dir='ltr'><strong>XXV</strong></span> <span class='ocrx_word' id='word_1_275' title='bbox 375 4077 434 4129; x_wconf 85' lang='lat' dir='ltr'><strong>esp.</strong></span> <span class='ocrx_word' id='word_1_276' title='bbox 454 4062 479 4117; x_wconf 86' lang='grc'><strong>6.</strong></span> <span class='ocrx_word' id='word_1_277' title='bbox 499 4066 527 4114; x_wconf 90' lang='lat' dir='ltr'><strong>et</strong></span> <span class='ocrx_word' id='word_1_278' title='bbox 546 4063 580 4114; x_wconf 84' lang='grc'><strong>14</strong></span> <span class='ocrx_word' id='word_1_279' title='bbox 600 4059 633 4114; x_wconf 89' lang='lat' dir='ltr'><strong>de</strong></span> <span class='ocrx_word' id='word_1_280' title='bbox 650 4060 770 4115; x_wconf 78' lang='lat' dir='ltr'><strong>Reform.</strong></span> 
     </span>
     <span class='ocr_line' id='line_1_41' title="bbox 144 4129 640 4200; baseline -0.012 -12"><span class='ocrx_word' id='word_1_281' title='bbox 144 4132 164 4199; x_wconf 77' lang='lat'><strong>²)</strong></span> <span class='ocrx_word' id='word_1_282' title='bbox 181 4131 256 4187; x_wconf 85' lang='lat' dir='ltr'><strong>Sess.</strong></span> <span class='ocrx_word' id='word_1_283' title='bbox 275 4131 375 4184; x_wconf 87' lang='lat' dir='ltr'>XXIV.</span> <span class='ocrx_word' id='word_1_284' title='bbox 394 4147 454 4200; x_wconf 86' lang='lat' dir='ltr'><strong>cap.</strong></span> <span class='ocrx_word' id='word_1_285' title='bbox 476 4136 507 4184; x_wconf 89' lang='grc'><strong>16</strong></span> <span class='ocrx_word' id='word_1_286' title='bbox 527 4131 560 4185; x_wconf 90' lang='lat' dir='ltr'><strong>de</strong></span> <span class='ocrx_word' id='word_1_287' title='bbox 579 4129 640 4184; x_wconf 81' lang='lat' dir='ltr'><strong>Res.</strong></span> 
     </span>
    </p>
   </div>
   <div class='ocr_carea' id='block_1_9' title="bbox 0 0 1440 4874">
    <p class='ocr_par' dir='ltr' id='par_1_10' title="bbox 0 0 1440 4874">
     <span class='ocr_line' id='line_1_42' title="bbox 0 0 1440 4874; baseline 0 1"><span class='ocrx_word' id='word_1_288' title='bbox 0 0 1440 4874; x_wconf 95' lang='lat' dir='ltr'><strong> </strong></span> 
     </span>
    </p>
   </div>
  </div>
 </body>
</html>
