2872 4874
566 342 606 389 nu
627 290 808 392 ursmarus.
1203 334 1268 395 let

121 479 256 561 flagitant,
280 488 318 544 ut
332 498 426 546 sacra
446 480 525 547 haec
538 480 751 547 oecumenica
765 482 910 566 Synodus
932 485 1140 567 principibus,
1166 488 1267 568 magi-

122 567 267 646 stratibus,
299 568 454 650 capitulis,
486 567 619 650 aliisque
651 571 815 652 episcopos
844 572 1034 651 nominandi,
1070 575 1267 655 proponendi

122 653 160 719 vel
177 654 313 737 eligendi
332 656 385 737 Jus
405 656 607 738 habentibus,
629 658 852 738 gravissimum
868 660 927 724 Dei
947 659 1102 742 judicium
1123 661 1156 724 in
1178 678 1271 727 meu-1

123 746 172 806 tem
201 743 342 822 reducat,
373 744 618 826 provideatque,
650 751 687 810 ut
718 745 769 810 lex
791 765 811 811 a
833 747 1017 813 Tridentino
1052 745 1191 813 Concilio
1225 749 1266 815 de

125 829 276 896 electorum
299 833 442 897 examine
457 833 641 912 constituta,
664 850 748 898 nunc
764 852 801 900 co
817 835 969 900 severiori
989 835 1095 900 adbuc
1117 841 1151 900 et
1173 837 1267 903 stric-

125 917 180 982 tiori
199 919 292 984 modo
315 921 357 985 ab
379 920 524 985 omnibus
550 921 753 1001 observetur,
776 940 839 1004 quo
862 923 1039 989 evidentius
1061 923 1267 988 ecclesiarum

128 1005 242 1084 pericula
263 1012 449 1087 creverunt;
483 1013 517 1073 et
538 1012 574 1072 ut
597 1008 698 1072 simile
728 1027 859 1075 examen
891 1009 989 1075 etiam
1018 1011 1050 1075 in
1073 1011 1143 1075 aliis
1166 1010 1271 1076 eccle—

130 1091 239 1158 siasticis
263 1095 471 1176 dignitatibus
495 1096 536 1161 ab
552 1094 736 1177 Apostolica
754 1094 835 1162 Sede
859 1097 1057 1162 conferendis
1080 1099 1266 1165 instituatur

131 1179 247 1262 dquas
269 1183 428 1264 principes
451 1182 501 1247 vel
524 1184 730 1264 magistratus
752 1185 918 1250 nominant
940 1192 997 1250 aut
1018 1193 1208 1268 proponunt.

209 1287 328 1353 Romae
351 1287 401 1352 die
428 1293 477 1354 ll.
502 1288 612 1353 Martii
638 1292 732 1355 1870.

194 1427 278 1492 Huic
293 1428 510 1509 mutationi
532 1429 792 1509 subscripserunt
815 1434 836 1491 7
884 1427 1022 1496 Oonctlt‘v'
1044 1430 1173 1496 Patres.
1307 1455 1310 1463 ¹

577 1653 591 1660 ..
596 1651 788 1660 -n--n——n—-a

497 1829 530 1912 8.
570 1821 876 1912 meruimus
1177 1812 1200 1854 Χ

137 1982 229 2054 uros
253 1986 440 2052 concurr
462 1986 611 2052 Parma
634 1986 691 2051 ro
711 1986 892 2052 munau
913 1987 1007 2053 nnn
1021 1958 1272 2056 inarmans.

365 2178 623 2245 Eminentissime
644 2179 791 2246 Praeses!

421 2285 689 2351 Reverendissimi
711 2284 838 2350 Patres!

211 2426 315 2491 Verba
344 2426 461 2490 iaciens
492 2428 525 2490 iu
559 2424 813 2507 congregatione
845 2423 996 2490 Generali
1026 2425 1065 2490 de
1097 2425 1270 2504 schemate,

128 2513 190 2586 uod
222 2515 262 2579 de
284 2512 449 2595 Episcopis
483 2514 679 2594 propositum
701 2511 777 2592 fuit,
810 2513 896 2578 inter
928 2512 991 2578 alia
1023 2513 1121 2595 innui,
1156 2514 1266 2594 quanti

127 2602 255 2668 nomenti
277 2602 320 2665 sit
341 2602 504 2681 negotium
526 2601 688 2666 electionis
709 2601 946 2683 Episcoporum,
971 2620 1068 2684 quum
1091 2602 1196 2667 omnia
1218 2618 1268 2667 re·

124 2688 209 2754 neda
230 2689 352 2754 frustra
374 2688 599 2769 adhibeantur,
632 2689 694 2753 nisi
723 2688 865 2753 ecclesiis
886 2689 963 2753 boni
989 2695 1134 2771 pastores
1156 2688 1272 2770 praeli·

125 2771 237 2843 turm.
282 2776 405 2842 idcirco
427 2777 554 2858 rogavi,
589 2783 626 2841 ut
646 2777 679 2840 iu
702 2774 847 2858 praefato
879 2776 1040 2842 schemate
1063 2777 1210 2843 omnibus
1235 2783 1267 2842 et

121 2858 244 2946 singulis,
276 2865 389 2946 quibus
419 2865 620 2946 participatio
649 2863 754 2946 aliqua
785 2863 818 2926 in
853 2862 1035 2945 hujusmodi
1057 2865 1266 2930 electionibus

121 2957 264 3034 conpetit,
288 2953 425 3017 strenuis
447 2951 554 3016 verbis
575 2951 750 3016 inculcetur
772 2954 840 3015 tum
863 2953 1006 3032 gravitas
1029 2951 1123 3032 hujus
1145 2952 1268 3035 negotii

119 3038 173 3106 tum
193 3043 334 3123 gravitas
357 3040 471 3120 delicti,
502 3038 585 3120 quod
608 3039 821 3117 committunt,
852 3039 905 3118 qui
927 3056 1018 3103 suurn
1048 3039 1184 3104 officium
1207 3040 1271 3105 bac

118 3141 146 3192 er
165 3137 257 3211 parte
280 3128 479 3209 negligenter
500 3133 556 3190 aut
582 3127 665 3191 male
689 3130 845 3191 exercent.
891 3127 1039 3190 Attamen
1072 3127 1270 3208 postulatum

116 3217 321 3299 specificatum
351 3222 428 3280 tunc
454 3232 517 3280 non
548 3215 707 3296 proposui.
762 3214 853 3277 Nunc
887 3233 962 3278 vero
997 3214 1160 3278 humiliter
1189 3232 1270 3296 rogo

116 3300 199 3371 linos
223 3305 338 3369 Patres
360 3303 568 3384 Deputationi
596 3321 654 3384 pro
687 3301 783 3366 rebus
806 3301 991 3383 disciplinae
1013 3300 1206 3382 adscriptos,
1230 3309 1269 3366 ut

116 3391 188 3460 dicto
222 3392 375 3457 schemati
404 3392 540 3471 primum
571 3393 665 3470 caput
699 3388 820 3455 decreti
854 3390 894 3456 de
928 3388 1169 3466 Reformetione,
1206 3407 1272 3470 quo

116 3477 218 3547 Patres
233 3480 412 3544 Tridentini
434 3480 467 3542 in
490 3495 567 3542 sess.
594 3476 708 3542 XXIV.
728 3479 1003 3559 praescripserunt
1029 3494 1172 3541 normam
1195 3494 1269 3558 pro-

116 3568 238 3635 cedendi
265 3568 307 3634 ad
336 3566 530 3632 creationem
553 3566 780 3647 Episcoporum
814 3572 847 3629 et
878 3562 1109 3642 cardinalium,
1144 3564 1272 3645 integre

116 3655 244 3724 inserere
266 3655 375 3734 velint,
398 3654 574 3732 momnis,
598 3671 678 3735 quae
702 3651 875 3717 Concilium
897 3652 1116 3717 Tridentiuum
1138 3650 1200 3715 hac
1226 3651 1270 3716 de

116 3761 141 3810 re
160 3752 229 3810 tam
252 3743 424 3810 salubriter
447 3743 568 3821 statuit,
591 3759 612 3804 a
634 3739 760 3822 Synodo
783 3738 940 3805 Vaticana
963 3737 1188 3807 confirmentur
1210 3756 1267 3804 no·

116 3851 206 3914 voque
227 3831 368 3913 pondere
391 3830 543 3908 omnibus,
567 3846 698 3909 quorum
722 3828 863 3906 interest,
886 3827 1102 3911 injungantur.

211 3918 465 3984 Perfectissimae
494 3915 706 3982 venerationis
729 3919 762 3980 et
789 3914 930 3995 obsequii
957 3915 1100 3980 sensibus
1122 3933 1172 3980 rue
1196 3933 1271 3997 pro·

116 4006 332 4178 litobssomae
356 4110 406 4177 die
428 4115 459 4178 9.
482 4108 574 4175 Febr.
601 4111 694 4174 1870.

579 4350 792 4373 m:
