2872 4874
510 338 550 385 nn
573 337 672 385 nunus
694 336 884 386 mammes.
1230 326 1292 388 113

143 479 349 559 lleiparaeque
372 478 518 560 gloriam,
542 478 584 543 ad
606 479 755 542 meritum
779 483 811 542 et
833 475 1015 542 firmitatem
1029 477 1129 548 Fidei.
1154 480 1195 544 ad
1217 477 1293 546 fide·

142 565 206 630 lium
226 566 483 633 consolationem.
501 566 704 632 devotissime
726 563 912 647 efflagitant,
938 570 976 631 ut
999 565 1039 631 de
1054 565 1201 632 doctrina
1224 585 1293 634 cor·

143 670 243 735 porcae
263 654 406 735 Virginis
422 654 656 735 assumptionis
678 654 711 717 in
727 650 860 718 Goelum
882 653 916 717 in
939 653 1011 736 ipso
1040 653 1138 719 Sacro
1153 652 1293 721 Concilio

144 747 351 822 pertractetur,
384 761 422 807 ac
451 742 550 823 (quod
574 741 660 806 Deus
684 741 849 825 concedat)
882 741 910 805 ai
932 741 994 821 ipsi
1015 741 1182 822 videbitur,
1216 743 1292 826 dog·

144 829 243 894 notice
264 829 432 895 declarare
455 848 493 894 ac
519 828 650 895 delinire
674 829 831 910 dignetur,
855 827 990 893 Mariam
1012 829 1175 912 Virginem
1196 829 1293 897 Sanc·

144 917 280 981 helmam
303 935 435 998 corpore
451 924 484 984 et
507 918 621 995 anima
647 916 689 981 ad
705 916 941 981 similitudinem
957 914 1029 981 Filii
1045 916 1102 982 Sui
1115 916 1291 984 Salvatoris

144 1002 244 1082 Noctu,
267 1005 301 1068 in
324 1002 429 1070 Coelis
452 1005 588 1087 gloriose
610 1023 754 1086 regnare.

223 1144 310 1210 Huic
326 1145 543 1227 postulationi
564 1145 826 1224 subscripserant
849 1147 892 1207 13
917 1143 1053 1210 Caecilii
1075 1143 1202 1213 Patres.

602 1339 813 1348 ———-—.

94 1562 96 1567 ,
229 1493 310 1561 (lum
333 1493 526 1576 infrascripti
543 1492 675 1560 Concilii
691 1495 840 1559 Vaticani
855 1493 969 1558 Patres
988 1496 1081 1577 juxta
1101 1500 1292 1577 perpetuum

136 1585 287 1665 utriusque
303 1583 466 1649 Ecclesiae
481 1600 607 1647 sensum
631 1588 664 1646 et
686 1583 891 1648 traditionem
919 1582 1135 1647 venerandam
1158 1584 1292 1648 Beatam

136 1670 256 1736 llariam
280 1670 445 1752 Virginem
478 1671 596 1735 intuitu
631 1671 817 1735 meritorum
847 1667 967 1735 Christi
999 1669 1077 1735 iesu
1105 1668 1290 1750 Salvatoris,

137 1759 206 1824 dcet
228 1759 268 1824 de
291 1764 423 1840 peccato
451 1776 508 1840 per
538 1756 778 1823 immaculatam
801 1755 1060 1840 conceptionem,
1093 1766 1126 1823 et
1156 1757 1195 1823 de
1219 1777 1291 1824 con·

138 1849 319 1928 cupiscentia
350 1863 407 1928 per
437 1844 633 1927 virginalem
663 1845 917 1924 Maternitatem,
951 1846 999 1910 ita
1031 1852 1065 1911 et
1095 1845 1134 1910 de
1163 1846 1292 1912 inimica

139 1940 221 1999 norte
256 1933 449 2016 singularem
487 1934 683 2015 triumphum
720 1932 868 1998 retulisse
905 1951 964 2015 per
1000 1933 1210 1998 acceleratam
1249 1932 1291 1999 ad

144 2021 360 2088 smmummm
379 2021 451 2086 lh'lii
474 2019 529 2086 Sui
543 2020 820 2086 Resurrectionem
836 2019 1015 2087 firmissime
1037 2026 1183 2103 teneant;
1207 2021 1289 2103 ideo,

147 2111 248 2193 caus
272 2110 374 2191 gloria
396 2127 477 2174 novo
501 2108 669 2190 splendore
685 2114 850 2191 augeatur,
876 2110 1006 2191 ejusque
1029 2109 1225 2191 praesidium
1247 2108 1290 2175 ad

140 2195 350 2263 interimendas
379 2196 529 2262 haereses
559 2196 619 2262 hac
642 2202 752 2261 nostra
782 2197 936 2278 piaculari
967 2203 1073 2263 aetate
1096 2201 1288 2280 grassanteS,

137 2282 263 2368 &mque
285 2291 319 2351 et
342 2286 444 2350 Deum
466 2283 582 2349 Filium
605 2286 673 2366 ejus
695 2286 895 2365 impetentes
920 2285 1021 2366 magis
1046 2285 1212 2368 magisque
1237 2303 1289 2349 ex-

135 2373 273 2452 periatur,
299 2378 332 2441 et
354 2371 582 2438 christifideles
605 2379 750 2438 votorum
774 2373 837 2436 sint
859 2373 990 2438 tandem
1013 2383 1190 2455 compotem
1213 2372 1289 2438 Dei·

134 2475 233 2539 param
267 2462 373 2525 anima
407 2467 442 2526 et
478 2478 610 2542 corpore
645 2461 732 2526 coelo
765 2461 878 2526 adesse
911 2462 1070 2526 viventem
1106 2460 1290 2527 solemniter

134 2546 293 2628 declarari,
324 2548 521 2629 proclamari,
556 2555 651 2630 atque
687 2546 811 2613 definiri
843 2567 863 2613 a
896 2549 1106 2617 sacrosancta
1133 2548 1290 2614 Vaticana

134 2630 248 2716 Synodo
271 2655 367 2718 quam
389 2636 612 2701 ardentissime
635 2641 798 2718 expetunt.

207 2774 291 2841 Huic
307 2776 525 2858 postulationi
547 2776 809 2855 acchacripseraat
832 2776 894 2840 duo
920 2774 1057 2842 Caecilii
1079 2773 1208 2842 Patres.

230 3105 308 3172 (lum
329 3106 524 3188 infrascripti
539 3105 672 3172 Concilii
686 3107 837 3171 Vaticani
859 3106 973 3172 Patres
992 3108 1085 3188 juxta
1098 3113 1288 3189 perpetuum

139 3192 286 3276 utriusque
309 3194 472 3261 Ecclesiae
488 3212 615 3259 sensum
638 3202 671 3259 ct
692 3195 898 3260 traditionem
915 3195 1138 3273 venerandam,
1154 3197 1289 3260 Beatam

142 3276 259 3347 hieriam
281 3284 454 3364 Virginem,
485 3284 604 3347 intuitu
635 3284 820 3346 meritorum
852 3280 971 3346 Christi
999 3282 1076 3347 Jesu
1100 3283 1287 3361 salvatoris,

141 3365 210 3433 sicut
230 3371 267 3435 de
289 3376 422 3452 peccato
450 3389 507 3452 per
529 3370 771 3434 Immaculatam
800 3368 1062 3452 Conceptionem,
1094 3370 1190 3436 etde
1214 3389 1288 3437 con-

142 3456 318 3534 cupiscentia
348 3477 406 3540 per
438 3457 633 3539 virginalem
664 3457 921 3538 Maternitatem‚
954 3459 1001 3522 ita
1035 3463 1068 3522 et
1099 3459 1138 3522 de
1160 3459 1288 3523 inimica

142 3551 227 3610 note
258 3547 452 3629 singularem
485 3546 682 3628 triumphum
715 3545 876 3624 retulisse,
912 3564 969 3626 per
1001 3546 1211 3612 acceleratam
1246 3548 1288 3610 ad

143 3627 357 3700 amlimdmem
380 3633 454 3698 Filii
469 3632 525 3698 Sui
548 3633 825 3697 Resurrectionem
841 3631 1021 3699 firmissime
1044 3640 1191 3713 teneant;
1214 3634 1286 3698 ideo

144 3719 173 3778 ut
190 3715 259 3800 Ejus
290 3722 393 3804 gloria
416 3738 497 3785 novo
527 3721 694 3802 splendore
719 3726 889 3802 augeatur,
920 3720 1063 3803 Ejusque
1093 3721 1286 3803 praesidium

146 3801 178 3864 td
202 3808 424 3874 interimendas
453 3809 604 3874 haereses
638 3808 701 3873 hac
728 3816 839 3885 nostra
869 3810 1025 3892 piaculari
1059 3817 1165 3874 aetate
1198 3827 1288 3888 gras-

146 3897 240 3988 santes,
270 3899 373 3980 magis
403 3898 566 3979 magisque
594 3897 791 3978 experiatur,
827 3903 860 3960 et
889 3895 1117 3962 christifideles
1140 3902 1287 3960 votorum

146 3983 336 4049 tutandam
369 3991 550 4065 compotes3
584 3984 751 4066 Deiparam
777 3985 882 4048 anima
912 3989 945 4048 et
967 4003 1097 4066 corpore
1121 3983 1207 4049 coelo
1231 3985 1288 4048 ad·

147 4078 199 4132 etse
218 4073 373 4138 viventem
396 4072 578 4137 solemniter
600 4072 767 4151 declarari,
790 4071 979 4152 proclamari
1004 4077 1097 4152 atque
1121 4069 1244 4136 definiri
1268 4091 1288 4137 a

147 4145 331 4225 Samosancta
347 4161 504 4225 Vaticana
519 4159 645 4242 Synodo
667 4178 763 4241 quam
779 4159 1000 4224 ardentissime
1023 4163 1185 4239 expetunt.
1220 4157 1287 4226 Nos

146 4240 250 4316 itidem
271 4266 342 4314 cum
366 4247 512 4313 omnibus
527 4246 676 4312 Patribus
700 4252 819 4312 certam
834 4247 980 4312 fiduciam
1003 4247 1166 4326 hahemus,
1191 4264 1287 4328 gene-

146 4326 210 4395 ralia
246 4333 383 4402 Comitia
416 4333 600 4400 Gathohcae
639 4334 815 4414 Ecclesiae,
852 4352 935 4414 quac
972 4336 1031 4400 sub
1068 4340 1135 4399 tam
1173 4332 1287 4400 faustis

94 4416 100 4471 i
187 4449 301 4505 Martia,
314 4457 471 4499 Documenta.
1164 4441 1181 4492 3
