2872 4874
455 318 494 364 DE
517 318 613 364 REBUS
636 315 823 365 omnnrlcls.
1178 305 1214 361 71

86 461 169 525 denia
183 464 211 524 et
225 459 368 533 tenenda,
392 478 509 540 qaaere
522 457 699 538 rejicienda
721 463 751 520 et
773 455 956 520 damnanda
972 459 1065 519 srent“
1080 473 1219 538 approvo

87 549 131 613 che
149 548 189 612 sia
209 565 264 610 ara
285 553 437 628 proposto
460 544 525 610 nlla
547 543 688 625 speciale
703 542 960 625 congregazione
983 543 1152 624 designata
1166 543 1219 608 nel

88 655 139 716 cap.
159 640 186 700 2.
201 633 283 699 della
298 634 382 700 Lett.
399 637 458 715 Ap.
474 633 676 712 Multiplices
691 634 785 708 inter,
808 631 1050 713 qnest'oggetto,
1074 629 1219 707 affinehe,

10 727 18 756 ³
88 741 112 788 se
131 724 164 787 ad
186 722 265 787 Essa
297 721 461 787 sembreri
493 727 682 802 opportuno,
717 719 748 784 lo
779 718 933 783 neferisca
962 717 992 783 al
1024 717 1053 782 S.
1077 716 1217 783 Concilio

16 890 18 894 ι
88 811 240 876 ecnnenico
254 829 312 891 per
327 809 525 874 deliberame
541 825 597 874 oon
614 808 708 889 piena
723 807 915 889 cognitione,
943 805 1219 871 ccoll'assistenna

10 891 19 989 'J
87 897 148 963 dello
167 898 280 979 Spiritu
302 896 409 962 Sento.

166 1019 266 1085 Roma
287 1019 340 1085 dal
364 1018 527 1084 Conventa
551 1019 582 1083 di
605 1018 636 1083 S.
661 1017 813 1098 Agostino
838 1021 889 1081 29.
913 1016 1062 1083 Gennaro
1090 1022 1182 1084 1870.

455 1161 476 1240 †
500 1157 539 1223 G.
563 1157 647 1223 Batt.
670 1159 763 1223 Vesc.
788 1157 819 1220 di
842 1155 967 1223 Savona
991 1177 1008 1222 e
1032 1157 1112 1224 Noli.

529 1383 739 1396 *—

390 1559 573 1626 Eminentia
596 1561 878 1627 reverendissima!

162 1700 266 1767 Semel
282 1708 314 1765 et
335 1700 450 1766 iterum
466 1701 622 1767 excitatus
638 1701 680 1767 ad
700 1701 958 1766 subscribendum
981 1705 1049 1765 tum
1073 1703 1220 1783 petitioni

74 1807 118 1872 pro
144 1789 341 1856 discutienda
372 1794 406 1854 et
439 1788 618 1854 definienda
648 1789 680 1853 in
714 1790 774 1855 hoc
809 1787 948 1854 Concilio
977 1787 1219 1870 infallibilitate

75 1876 178 1941 &mini
193 1875 369 1956 Pontificis,
393 1883 462 1941 tum
485 1876 631 1959 petitioni
653 1885 764 1942 contra
787 1876 968 1959 hujusmodi
991 1877 1217 1943 discussionem

78 1963 342 2040 etdefinitionem,
375 1966 476 2030 satius
507 1965 581 2028 duxi
612 1965 811 2031 Eminentiae
838 1970 922 2041 tune,
958 1982 1048 2044 quae,
1086 1966 1217 2030 absente

83 2047 218 2132 latifice,
243 2049 381 2117 Concilio
406 2059 543 2134 praeest,
567 2056 704 2121 mentem
728 2071 827 2116 meam
850 2051 911 2116 hac
934 2051 973 2116 de
996 2070 1032 2116 re
1054 2054 1190 2134 aperire.

160 2159 276 2238 ltaque
298 2158 511 2222 necessarium
543 2174 657 2222 censeo
680 2158 712 2222 in
735 2156 794 2222 hoc
817 2155 956 2222 Concilio
980 2175 1075 2239 agere
1099 2158 1139 2222 de
1161 2157 1218 2221 In·

69 2242 254 2323 salililitate
269 2242 392 2309 summi
407 2245 584 2326 Pontificis,
608 2263 739 2327 eamque
762 2245 903 2325 definire,
928 2263 1002 2309 nam
1024 2262 1114 2310 secus
1130 2244 1219 2310 Sum·

68 2349 124 2398 nee
147 2330 351 2414 Apostolicae
373 2331 464 2397 Sedis
488 2334 662 2397 auctoritas
689 2351 785 2413 grave
809 2333 1033 2398 detrimentum
1064 2351 1102 2398 ex
1124 2332 1218 2415 hujus

66 2416 188 2486 Concilii
213 2421 379 2486 occasione
400 2421 558 2503 patietur:
583 2427 616 2484 et
637 2427 770 2502 paratus
792 2438 861 2485 snm
885 2421 926 2485 ad
948 2420 1030 2485 hanc
1053 2420 1218 2502 Infallibi-

62 2505 177 2575 litatcm
200 2507 326 2589 publice
349 2527 387 2573 ex
410 2509 546 2574 ambone
567 2508 719 2572 tuendam
742 2510 775 2572 in
799 2507 872 2572 nula
896 2508 1065 2574 conciliari.

161 2612 281 2677 Tamen
296 2613 443 2694 arbitror,
467 2615 499 2678 in
515 2611 697 2678 definitione
712 2613 898 2694 exponenda
920 2614 1030 2678 sedulo
1046 2614 1218 2679 cavendum

59 2718 126 2766 esse
150 2719 169 2765 a
191 2701 335 2782 pluribus
357 2702 489 2767 seorsim
514 2738 552 2747 -
577 2704 754 2781 separatim
777 2701 817 2765 ab
840 2700 1014 2782 Episcopis
1038 2738 1077 2748 —
1103 2720 1218 2781 persa·

56 2787 174 2854 naliter
187 2825 227 2835 —
240 2789 432 2858 inconsultis
443 2789 635 2868 Episcopis:
659 2789 716 2854 sed
739 2789 921 2871 simpliciter
945 2789 1112 2854 dicendum
1134 2806 1217 2853 esse:

55 2875 273 2956 definitionem
295 2896 389 2959 qnam
404 2875 552 2941 Summas
566 2875 718 2956 Pontifex
740 2877 805 2942 edit
827 2897 866 2942 ea
889 2875 1048 2955 cathedra,
1072 2897 1136 2958 aaa
1158 2875 1216 2940 sab

54 2963 269 3029 anathematis
297 2985 403 3044 poena
434 2964 568 3028 damnat
597 2983 649 3028 eos
673 2965 729 3044 qni
757 2984 823 3029 non
854 2968 960 3028 tenent
989 2983 1042 3028 ore
1065 2970 1096 3028 et
1117 2969 1219 3028 mente

49 3051 304 3131 propositionem
326 3072 423 3134 qnam
443 3053 514 3132 ipse
530 3051 667 3133 profert,
691 3053 739 3116 ael
761 3051 935 3116 adbaerent
957 3071 1011 3116 ore
1033 3057 1091 3116 ant
1113 3051 1216 3116 solnm

52 3141 155 3203 mente
179 3139 285 3202 errori
315 3160 405 3222 quem
426 3139 496 3219 ipse
525 3139 710 3219 proscribit,
740 3158 807 3204 esse
836 3139 875 3203 ab
905 3159 1013 3204 errore
1035 3139 1215 3218 immanem,

45 3231 285 3306 proptereaque
299 3226 517 3308 infallibilem:
540 3226 635 3306 idque
657 3229 707 3291 nti
722 3227 836 3310 doymo
855 3226 933 3306 fidei
947 3226 1126 3291 labendum
1143 3247 1218 3291 esse.

53 3313 140 3379 Addi
163 3313 271 3379 debet:
306 3311 489 3379 Pontificem
511 3313 598 3394 loqui
627 3333 665 3377 eu
687 3315 839 3380 catbeclra
869 3332 965 3394 quum
990 3320 1018 3377 1.
1041 3313 1220 3395 Alloquitur

50 3402 241 3466 nniversam
255 3400 445 3468 Ecclesiam.
481 3406 511 3468 2.
532 3399 710 3466 Anathemn
733 3402 940 3468 comminatur
963 3402 992 3468 ei
1015 3402 1069 3483 qui
1093 3402 1144 3466 vel
1165 3421 1220 3466 ore

51 3488 149 3640 {imin
179 3494 213 3552 et
242 3494 357 3569 mente,
392 3489 442 3553 vel
464 3488 567 3554 salam
597 3495 698 3554 rnente
728 3508 791 3555 non
812 3507 847 3554 se
877 3489 1037 3554 submittit
1059 3507 1135 3554 suae
1166 3490 1219 3554 de-

74 3576 200 3641 nitioni.

164 3678 248 3760 Opto
264 3681 368 3761 etiam,
392 3681 484 3745 utin
506 3681 669 3746 schemate
692 3681 732 3746 de
745 3679 902 3760 Ecclesia,
925 3682 977 3747 ubi
1001 3681 1041 3746 de
1055 3680 1219 3762 Episcopis

50 3768 172 3850 agitur,
196 3785 343 3851 expresse
367 3767 548 3848 affirmetur,
574 3789 627 3834 eos
648 3787 714 3833 esse
736 3790 804 3833 aaa
825 3789 896 3834 cam
918 3768 1046 3834 Samma
1063 3767 1219 3846 Pantitae

42 3855 180 3938 judiees
199 3855 291 3936 fidem
325 3855 375 3920 vel
398 3873 452 3921 eos
474 3855 595 3938 pollere
618 3855 715 3922 etiarn
737 3858 927 3922 anctoritate
952 3856 1113 3937 judiciam
1138 3874 1219 3934 pra-

47 3943 182 4024 ferendi
204 3944 242 4008 de
263 3943 453 4008 veritatibus
472 3943 551 4025 Jiclei
585 3981 620 3991 -
652 3943 702 4009 vel
726 3961 780 4009 eos
803 3965 868 4008 aon
890 3944 992 4009 solnm
1014 3943 1051 4005 in
1076 3939 1219 4006 Concilio

50 4031 259 4108 oecumenico,
284 4030 352 4096 ,sed
382 4033 478 4096 etiam
508 4038 670 4096 manentes
697 4032 734 4096 in
763 4032 833 4096 sais
861 4031 995 4097 Sedibus
1026 4048 1121 4108 posse
1149 4049 1219 4092 cnm

50 4116 187 4183 Sammo
208 4117 363 4199 Pantitae
385 4117 436 4182 vel
459 4118 670 4198 dependenter
693 4139 714 4184 a
736 4118 864 4184 Sammo
882 4117 1038 4196 Paetinae
1055 4115 1219 4198 judiciam

44 4204 142 4284 ferre
164 4204 204 4268 de
225 4205 320 4271 rebels
340 4206 425 4286 fidei.

160 4309 251 4376 Haec
277 4311 354 4376 dum
383 4327 505 4393 expono
527 4309 727 4377 Eminentiae
759 4319 845 4387 tuae,
880 4309 931 4374 cui
953 4306 1062 4374 licebit
1085 4325 1124 4374 aa
1147 4308 1219 4374 aliis
