2932 4896
615 320 655 365 ιι
679 319 859 368 arsenarum.
1264 312 1325 371 155

165 464 230 527 toto
254 461 330 527 orbe
352 466 520 541 terrarum,
544 461 598 542 qui
621 466 707 527 certo
726 461 828 529 dicere
852 468 960 542 posset
982 463 1108 543 quinam
1131 465 1195 529 sint
1218 483 1325 530 omnes

165 565 256 614 casus
279 548 419 630 papales,
453 555 485 614 et
471 549 555 614 tde
577 566 640 613 non
669 551 781 631 paucis
812 551 923 615 merito
957 550 1047 615 dubit
1033 556 1120 616 tetur
1148 570 1189 616 an
1221 552 1326 618 adhuc

165 635 300 718 vigeant,
323 655 432 702 necne.

269 722 346 801 Quis
375 742 438 789 uon
464 724 631 788 vehement
618 730 668 788 t·e1
698 730 787 806 optet
821 724 1029 792 confessarios
1056 733 1090 792 et
1120 728 1200 809 J'uris
1232 726 1323 794 acS

163 808 340 892 theologiae
362 812 425 877 lect
412 818 497 878 tores
529 817 583 876 at
570 812 637 891 tali,
671 813 754 877 circa
775 832 842 878 rern
877 818 943 878 tarn
967 833 1110 896 manem,
1143 813 1327 881 confusione

163 897 338 981 hberari11)

164 1089 214 1156 De
237 1089 382 1174 cutclopo
406 1111 539 1156 casuum
560 1090 594 1157 S.
618 1091 771 1173 Pontifici
800 1055 1034 1158 reseruntoram
1065 1095 1159 1160 tuitio
1182 1097 1326 1177 cujusvis

401 1198 613 1278 pontificatus
636 1198 800 1263 exorando
824 1205 854 1262 et
869 1199 1078 1279 publicando.

267 1334 316 1402 Ne
338 1354 413 1402 vero
435 1338 573 1403 materia
600 1354 806 1402 censurarum
835 1344 869 1403 et
899 1344 1103 1420 peccatorum
1125 1339 1156 1406 S.
1180 1339 1325 1407 Pontifici

162 1429 395 1490 reservatormn
418 1425 532 1490 iterum
563 1426 694 1506 recidat¹
715 1426 749 1490 iu
772 1424 986 1493 confusionem
1009 1428 1095 1492 illam
1124 1447 1220 1509 quam
1242 1449 1325 1495 nunc

161 1511 310 1591 uidemus
335 1512 375 1577 de
396 1530 461 1594 qua
483 1514 617 1578 multum
645 1513 763 1594 ubique
793 1513 932 1594 doletur,
965 1521 999 1579 et
1027 1516 1110 1580 uude
1139 1518 1327 1582 innumerae

162 1599 377 1680 dimetientes,
410 1600 639 1680 dubitationes,
668 1602 931 1667 conscientiarum
962 1603 1139 1669 anxietates
1163 1623 1329 1757 emergere

162 1692 343 1768 noscuntur,
366 1695 549 1755 reverenter
572 1688 764 1771 postulatur,
788 1695 824 1754 nt
846 1689 1034 1770 quibbetS
1058 1690 1141 1756 Pont
1127 1691 1243 1771 ιιιιιι
1234 1694 1293 1758 ιιιι
1294 1694 1326 1758 io

161 1773 331 1842 Pontificat
317 1781 369 1840 tus
400 1777 463 1857 sui,
495 1776 742 1858 publicaret
728 1777 810 1841 tad
842 1779 1007 1843 universos
1034 1779 1120 1843 orbis
1151 1779 1325 1863 Episcopus

162 1863 312 1947 dirigeret
335 1863 514 2015 catalogum
541 1883 746 1930 censurarum
769 1870 803 1929 et
818 1871 1018 1946 peccatorum
1040 1884 1122 1947 quae
1145 1867 1206 1932 sibi
1222 1886 1325 1934 reser-

162 1968 237 2019 vare
258 1952 452 2030 intendit3
444 1958 491 2016 ιιι
520 1958 558 2017 ιι
590 1970 648 2034 pro
683 1951 1046 2034 abrogatis'babendae
1076 1961 1183 2020 essent
1217 1975 1328 2022 omnes

163 2040 386 2121 praecedentes
401 2041 632 2106 reservationes
654 2059 735 2121 quae
756 2041 789 2104 in
815 2041 958 2123 catalogo
973 2039 1135 2107 Pontificis
1162 2047 1325 2125 regnantis

160 2127 329 2210 inscriptae
353 2145 416 2192 non
439 2128 663 2209 reperirentur.

263 2216 334 2281 Duo
355 2216 492 2280 maxima
515 2216 679 2280 commoda
701 2235 739 2281 eu
761 2216 816 2280 illa
836 2217 925 2298 praxi
940 2217 1150 2299 profluerent:
1173 2216 1323 2296 Primum,

159 2304 243 2385 quod
267 2303 416 2386 deinceps
445 2302 538 2368 facile
560 2309 594 2369 et
617 2310 703 2370 certo
732 2304 807 2370 sciri
829 2303 869 2368 ab
893 2304 1037 2370 omnibus
1060 2311 1167 2387 posset
1196 2306 1327 2386 quinam

158 2408 249 2458 casus
274 2393 338 2457 sint
360 2392 525 2471 reservati,
554 2391 604 2456 vel
627 2411 700 2458 non.
736 2390 930 2472 Secundum,
964 2393 1048 2475 quod
1070 2393 1236 2474 catalogus
1259 2394 1325 2473 ille,

157 2497 229 2545 curn
254 2480 300 2545 sic
322 2480 471 2544 revisioni
490 2479 763 2561 frequentissimae
778 2480 993 2563 subjiciendus
1017 2488 1110 2560 esset,
1135 2486 1322 2564 opportune,

153 2574 254 2658 prout
275 2568 467 2634 mutationes
490 2587 597 2633 rerum
619 2569 652 2633 id
675 2569 890 2651 postularent
862 2567 1153 2648 ιιιιοιιιιιιιιις
1185 2588 1243 2670 nec
1265 2589 1327 2634 un

153 2673 255 2739 quam
278 2657 419 2722 eveniret
433 2663 576 2722 reservat
577 2657 664 2722 iones
681 2652 798 2721 multas
814 2674 947 2739 semper,
972 2662 1008 2721 ιι
1031 2656 1326 2740 nunctfit,'m1nj·me

148 2759 353 2826 permanere,
378 2745 473 2810 etiam
495 2750 665 2827 postquam
688 2745 828 2826 ipsorum
850 2750 887 2809 ut
873 2743 972 2810 tilitas
995 2747 1176 2811 cessaverit.
1182 2746 1208 2827 ²)

265 2832 367 2899 Valde
396 2850 521 2914 quoque
547 2837 602 2914 opt
588 2832 723 2898 tandum
754 2837 854 2912 esset,
877 2837 1009 2914 propter
1031 2834 1149 2898 similes
1172 2834 1326 2913 rationes,

149 2929 193 2990 ut
217 2922 359 3007 ejusdem
382 2922 506 3004 generis
529 2920 691 3002 catalogus
714 2921 803 2986 initio
827 2920 965 3003 cujusvis
995 2919 1200 3003 pontificatus
1222 2921 1324 3002 publi·

152 3017 301 3090 caretur,
334 3009 432 3075 ctiam
461 3028 519 3091 pro
549 3009 691 3075 censuris
713 3027 776 3073 non
798 3009 983 3087 reservatis,
1015 3015 1126 3091 utpote
1160 3027 1250 3091 quae,
1290 3010 1321 3072 in

268 3221 348 3290 ¹ch
366 3221 508 3291 postulata
526 3220 628 3276 Gonoil
648 3220 721 3274 Trid.
742 3221 898 3302 properiter

267 3293 387 3361 ,Quod
379 3309 406 3346 ιι
434 3292 494 3347 loro
519 3291 703 3346 conscientiae
727 3292 839 3359 possint
857 3291 991 3359 Episcopi
1010 3306 1027 3345 a
1045 3291 1155 3346 casibus
1173 3291 1325 3361 reservatis

151 3362 260 3432 Papae,
278 3364 404 3432 exceptis
421 3363 517 3431 poenis
535 3362 715 3430 gravissimis,
733 3360 892 3423 absolvere,
912 3368 939 3416 et
958 3361 1166 3444 dispensarem
1188 3350 1324 3429 irregula·
1366 3391 1368 3396 ·

155 3432 342 3488 sitatibus..
361 3440 415 3487 et
432 3433 506 3501 quod
522 3434 632 3516 possint
651 3431 793 3487 absolvere
812 3431 927 3487 semel'
919 3448 946 3485 ru
964 3432 1021 3486 vita
1044 3440 1073 3486 et
1091 3432 1118 3486 in
1137 3431 1236 3487 mortis
1256 3433 1322 3485 arti·

158 3504 230 3629 culfi,
249 3509 281 3558 ut
299 3503 392 3642 l3apae
415 3504 560 3573 placuerit,
583 3503 656 3557 sicut
680 3502 841 3557 conceditur
867 3502 1041 3570 Religiosis“
1078 3500 1198 3570 (Postul.
1225 3502 1322 3557 Barth.

158 3588 176 3629 a
224 3587 242 3628 a
288 3589 303 3628 r
488 3625 490 3628 Α

243 3579 446 3712 rtyOrdinarii
439 3645 466 3697 in
484 3643 546 3698 foro
558 3643 744 3699 conscientiae
756 3643 875 3726 possint,
893 3650 1034 3698 aunuente
1052 3658 1158 3698 summo
1176 3639 1321 3706 Pontifice,

157 3714 303 3770 absolvere
321 3720 348 3768 et
367 3714 526 3782 dispensare
545 3729 740 3783 quoscumque,
759 3713 841 3768 etiam
859 3714 887 3768 ιι
906 3714 1017 3769 casibus
1030 3713 1192 3780 reservatis,
1210 3720 1238 3767 et
1256 3712 1323 3764 irre-

158 3784 401 3910 {claritatibusu
421 3801 479 3841 .ac
498 3785 605 3839 demum
629 3784 738 3853 possint
755 3784 783 3838 ιι
807 3783 870 3838 foro
893 3783 1090 3850 conscientiae,
1117 3800 1187 3852 quae
1205 3788 1323 3850 possunt

182 3854 369 3911 cenitentiarii
387 3855 529 3923 majores.“
567 3854 687 3922 (Postul.
705 3854 846 3909 variorum
863 3853 1005 3923 Episcop.)

265 3924 455 3994 „Decernatur
473 3927 554 3980 etiam
573 3940 666 3979 omnes
692 3931 719 3980 et
740 3939 926 3993 quoscumque
952 3940 1034 3979 casus
1053 3924 1099 3991 qui
1118 3923 1154 3977 ad
1172 3921 1290 3976 forum'
1282 3937 1327 3975 ru

158 3995 245 4051 terim
264 4001 436 4063 spectant..
448 3995 622 4054 Ordinatio
657 4011 684 4048 m
707 3997 756 4050 uni
773 3995 890 4050 arbitrio
909 3993 1118 4059 committendos
1136 4008 1208 4060 ease,
1227 3998 1322 4046 aucto·

160 4065 237 4121 nitati
254 4071 283 4120 et
298 4064 432 4133 judiciof‘
469 4066 648 4135 (Postula
606 4066 648 4120 Re
669 4066 812 4149 allusit.)

267 4135 322 4205 ²„)
326 4135 519 4203 Censurarum,
538 4137 849 4192 excommunicationum
873 4141 921 4190 aut
945 4135 1176 4216 irregularitatum
1195 4133 1323 4200 omniurn,

157 4205 241 4262 uariis
261 4213 290 4261 et
307 4206 531 4275 multiplicibus
523 4223 551 4261 ιι
570 4207 810 4262 constitutionibus
828 4220 1030 4276 expressarum,
1049 4205 1096 4258 vix
1114 4205 1197 4259 ctiam
1216 4204 1324 4270 passim

200 4274 328 4349 pluribus
355 4282 384 4331 et
410 4277 476 4347 vulg
478 4293 494 4332 e
521 4277 706 4346 cognitarum,
739 4277 873 4332 habeatur
904 4275 1120 4343 conficiaturque
1147 4274 1307 4342 catalogus
1309 4275 1328 4304 a

157 4290 273 4412 Ρῖοιιιι
292 4344 377 4414 Regis
396 4346 521 4402 Lusitan.
541 4348 577 4404 ad
596 4347 697 4402 Concil.
717 4347 805 4417 Trid.)
