2872 4874
394 297 398 307 ¹
437 306 477 353 DE
501 305 653 354 nocrama
677 304 853 354 CATHOLICA.

541 513 677 580 CAPUT
700 515 756 580 111.

349 653 402 720 De
424 654 562 719 hominis
585 654 758 720 elevatione
782 653 939 734 etlapsa.

164 797 285 862 Vemm
308 795 427 875 inipso
450 796 574 875 generis
589 794 719 860 lumnam
742 794 915 876 primordio
929 812 1077 874 magnum
1099 794 1230 877 insuper

59 884 223 968 quoddam
254 883 379 947 divinae
409 883 540 963 pietatis
570 901 724 948 arcanum
755 880 834 947 fides
864 881 1038 946 christiana
1072 884 1228 964 agnoscit.

60 973 162 1038 Homo
187 971 229 1034 ad
257 971 426 1051 imaginem
450 970 510 1035 Dei
538 967 643 1035 factus
666 971 736 1050 ipsa
767 970 896 1050 quidem
923 975 1039 1035 natura
1062 989 1121 1036 sua
1143 970 1228 1035 ordi-

61 1070 156 1125 natur
179 1058 225 1123 ad
247 1059 348 1122 Deum
374 1059 636 1140 cognoscendum,
665 1057 840 1135 colendum,
871 1058 1049 1139 amandum,
1085 1077 1121 1123 eo
1144 1059 1229 1124 vide

62 1151 132 1214 licet
153 1147 260 1227 modo,
283 1147 336 1226 qui
352 1146 468 1210 insitae
491 1144 638 1211 facultati
653 1146 809 1227 congruit.
845 1145 1073 1210 Verumtamen
1088 1165 1228 1212 summus

63 1255 166 1301 rerum
198 1233 352 1299 Conditor
382 1240 415 1299 et
444 1234 606 1313 Dominus,
636 1235 735 1315 ‚cnjus
763 1234 904 1314 potentia
935 1240 1064 1299 creatae
1094 1245 1228 1299 naturae

63 1323 310 1406 proprietatibus
334 1328 367 1386 et
389 1321 513 1403 legibus
543 1340 606 1386 non
629 1321 907 1401 circumscribitur,
930 1321 1120 1388 inexhausta
1142 1322 1229 1387 boni·

64 1418 128 1476 tate
150 1410 327 1475 humanum
358 1428 458 1491 genus
486 1411 520 1473 in
542 1411 643 1492 primo
675 1415 807 1490 parente
839 1427 934 1490 super
964 1417 1097 1475 natmae
1122 1409 1227 1475 condi·

64 1500 179 1564 tionem
213 1499 254 1562 ad
285 1502 405 1561 statum
436 1498 594 1579 quendam
624 1496 792 1562 sublimem
816 1497 942 1562 elevare
964 1497 1075 1577 voluit,
1109 1499 1142 1562 in
1165 1516 1227 1578 quo

65 1589 186 1652 divinae
207 1586 308 1666 ipsius
331 1602 459 1650 consors
483 1584 661 1650 efficeretur
683 1591 818 1649 naturae
841 1588 886 1665 (2.
909 1585 996 1652 Petr.
1024 1592 1051 1664 1,
1076 1591 1131 1664 4.).
1162 1587 1228 1651 Ita·

66 1693 120 1756 que
141 1679 277 1755 praeter
300 1672 392 1752 dona,
415 1673 528 1754 quibus
552 1674 584 1736 in
606 1674 737 1755 propria
752 1682 867 1737 natura
890 1672 1104 1755 perficeretur,
1128 1672 1227 1754 Spiri-

67 1772 127 1827 tum
150 1761 304 1827 Sanctum
329 1762 359 1825 ei
380 1761 503 1838 inludit,
535 1767 581 1840 ut,
613 1770 729 1826 natura
752 1761 879 1841 quidem
903 1778 1023 1839 servus,
1048 1762 1227 1828 sanctitatis

70 1858 166 1917 auam
183 1849 293 1932 gratia
307 1845 400 1929 filius,
424 1850 486 1913 iam
503 1867 565 1914 non
588 1848 684 1914 solius
701 1854 834 1914 naturae
850 1849 966 1930 vigore,
991 1848 1048 1914 sed
1071 1848 1227 1914 charitate

73 1939 197 2019 desuper
227 1934 344 2016 infusa,
379 1937 486 2001 divina
515 1937 668 2001 mandata
690 1943 723 2001 et
750 1937 876 2001 virtutis
904 1954 1003 2018 opera
1036 1938 1227 2019 exequendo,

76 2034 227 2091 aeternam
249 2023 480 2090 haereditatem
503 2030 748 2106 promereretur.
784 2024 834 2089 Ad
855 2024 933 2089 haec
949 2042 1080 2089 carnem
1104 2025 1228 2105 spiritui

83 2116 162 2194 grata
194 2130 257 2177 sua
279 2112 372 2192 plene
402 2113 577 2178 subiectam
599 2112 681 2192 fecit,
716 2118 749 2176 et
771 2113 881 2176 mortis
913 2112 1012 2194 ipsius
1041 2113 1228 2177 timorema

80 2201 186 2266 nartali
209 2201 357 2265 removit.
414 2199 560 2266 Mortalis
587 2201 705 2283 quippe
736 2206 807 2265 erat
833 2200 927 2264 homo
958 2200 1136 2265 conditione
1159 2218 1227 2266 cor-

72 2290 144 2370 poris
167 2287 328 2367 animalis,
352 2288 538 2353 immortalis
561 2295 668 2353 autem
692 2286 844 2354 beneficio
868 2287 1057 2354 Conditoris.
1065 2289 1090 2371 1)

163 2375 261 2441 Hunc
277 2376 363 2440 Deus
386 2375 418 2439 in
441 2376 583 2458 paradisi
597 2374 753 2441 felicitate
776 2381 930 2457 tanquam
952 2377 985 2441 in
1008 2377 1121 2440 umbra
1143 2375 1228 2440 vitae

68 2464 239 2542 collocavit,
266 2464 313 2528 sic
335 2481 507 2529 munerans
529 2464 630 2529 libero
654 2464 796 2544 arbitrio,
829 2471 866 2530 ut
888 2470 1000 2529 tamen
1022 2469 1148 2546 regeret
1169 2464 1228 2528 im·

65 2554 155 2633 perio,
180 2557 320 2617 terreret
342 2552 477 2633 exiliat)
512 2552 622 2617 Posuit
643 2558 719 2617 ante
742 2571 814 2616 eum
837 2553 935 2617 vitam
958 2558 991 2616 et
1013 2557 1157 2629 mortem,
1181 2558 1227 2631 ut,

64 2639 217 2722 siquidem
239 2639 340 2703 vitam
363 2638 504 2721 eligeret,
540 2640 579 2705 de
606 2640 724 2705 virtute
756 2641 789 2704 in
820 2640 970 2704 virtutem
1000 2640 1226 2720 conscendens,

62 2729 101 2794 ad
123 2745 261 2810 regnum
283 2727 420 2792 coeleste
443 2725 681 2807 transferretur,
705 2727 808 2792 Deum
832 2729 973 2792 Deorum
995 2729 1132 2807 vannus
1164 2746 1228 2792 non

62 2822 94 2880 ut
115 2814 269 2880 facultate
292 2814 431 2880 naturali
461 2815 562 2880 videri
583 2820 699 2897 potest
735 2815 791 2880 sed
813 2814 894 2880 facie
918 2815 959 2879 ad
994 2814 1110 2881 faciem
1133 2815 1229 2881 sicuti

61 2909 119 2983 est,
143 2908 177 2968 et
200 2901 260 2967 hac
290 2904 410 2968 visione
441 2903 474 2968 in
497 2904 600 2985 ipsum
630 2901 875 2968 transformatus
904 2903 1031 2970 divinae
1054 2903 1227 2985 voluptatis

60 2995 204 3056 torrente
226 2996 403 3072 potaretur.

166 3077 256 3143 Haec
277 3078 334 3143 illa
357 3085 406 3144 est
421 3078 557 3143 hominis
580 3078 725 3159 elevatio,
749 3097 846 3160 quam
860 3077 915 3142 SS.
928 3078 1060 3143 Petrum
1082 3079 1228 3161 vestigiis

60 3167 243 3231 insistentes
267 3166 421 3231 Doctores
445 3165 592 3232 catholici
616 3171 703 3231 recte
725 3164 1000 3248 supernaturalem
1023 3172 1226 3246 vocaverunt,

60 3260 95 3319 ut
119 3271 202 3334 quae
217 3260 353 3319 naturae
377 3263 505 3320 creatae
520 3259 588 3318 tum
610 3255 695 3318 vires
710 3260 780 3318 tum
803 3254 992 3335 exigentiam
1008 3255 1226 3334 transcendet

59 3341 193 3422 ideoque
215 3359 275 3406 nec
297 3343 417 3407 meritis
440 3361 498 3408 nec
520 3342 659 3407 naturali
674 3342 846 3408 conditioni
868 3340 1004 3406 hominis
1028 3341 1146 3422 debita,
1171 3343 1228 3407 sed
1337 3431 1340 3435 ἱ

59 3429 232 3512 gratuitum
256 3430 299 3494 sit
322 3430 446 3496 dimnae
469 3430 629 3511 largitatis
653 3427 850 3496 beneficium.

166 3516 209 3582 At
229 3535 305 3582 vero
328 3517 421 3582 homo
446 3516 609 3583 Conditori
632 3523 664 3582 et
678 3518 769 3583 Patri
791 3536 848 3582 suo
872 3518 1016 3598 ingratus
1040 3517 1227 3582 mandatum

59 3605 128 3685 ejus
160 3604 273 3670 libere·
288 3605 552 3687 transgrediendo
585 3624 604 3671 e
634 3609 731 3686 stata,
768 3605 810 3670 ad
842 3623 937 3686 quem
966 3623 1062 3685 super
1093 3612 1228 3670 naturae

58 3691 274 3758 conditionem
297 3699 423 3758 evectus
446 3697 524 3773 erat,
549 3712 614 3758 una
636 3711 708 3758 cum
723 3694 897 3775 propagine
925 3711 983 3758 sua
998 3691 1122 3773 excidit,
1146 3693 1228 3757 iram

56 3781 118 3844 Dei
141 3786 174 3843 et
200 3780 452 3862 indignationem
481 3783 653 3861 incurrens,
685 3781 888 3846 sanctitatem
911 3786 945 3846 et
971 3781 1129 3863 justitiam
1159 3785 1227 3845 tam

57 3867 119 3932 sibi
144 3885 239 3948 quam
262 3869 356 3933 nobis
372 3870 519 3951 perdidit,
544 3874 577 3934 et
598 3874 727 3951 peccato
744 3869 928 3950 inquinatus
951 3888 1014 3933 non
1037 3874 1171 3933 mortem
1195 3873 1228 3934 et

55 3973 177 4037 poenas
208 3958 347 4037 corporis
374 3962 508 4036 tantum,
544 3956 720 4022 sedetiam
752 3964 926 4039 peccatam,
961 3958 1046 4039 quod
1068 3975 1154 4020 mors
1179 3961 1228 4021 est

54 4045 192 4120 animae,
228 4044 261 4107 in
283 4060 374 4108 omne
403 4062 503 4126 genus
534 4044 706 4109 humanum
739 4043 921 4110 transfudit.
978 4044 1070 4123 Quod
1100 4043 1226 4125 quidem

53 4131 148 4196 Adae
178 4138 348 4210 peccatum
381 4133 619 4214 propagatione,
655 4151 719 4197 non
746 4133 922 4198 imitatione
954 4133 987 4196 in
1018 4150 1126 4198 omnes
1158 4134 1227 4215 ejus

168 4320 190 4387 ¹)
210 4319 237 4376 S.
255 4321 327 4390 Aug.
346 4321 461 4377 Euchir.
480 4339 503 4377 c.
522 4325 566 4377 25.
642 4323 662 4392 ²)
681 4324 750 4378 Ibid.
