2872 4874
444 309 484 356 nn
505 308 650 358 ucmssm
673 308 793 358 cumsm
816 309 838 357 1.
1180 299 1220 361 19

50 453 187 534 pientes,
224 465 400 530 speramns,
436 455 472 513 ut
491 449 522 513 in
547 467 611 513 nna
638 448 864 529 communione,
898 466 992 530 quam
1016 447 1113 515 Sedes
1137 451 1221 533 Ape

49 539 164 605 stolica
187 537 361 619 praedicat,
396 554 467 603 esse
489 554 676 615 mereamur,
711 537 743 600 in
766 554 829 616 qna
860 542 909 601 est
931 537 1056 618 integra
1088 547 1121 603 et
1144 557 1221 605 vera

51 625 258 692 Christianae
280 624 442 705 religionis
464 624 617 690 soliditas.
630 625 659 707 1)
696 624 901 706 Approbante
924 642 999 689 vero
1014 624 1223 707 Lugdunensi

52 714 195 780 Concilio
231 711 382 791 secundo,
417 712 534 778 Graeci
567 709 701 793 professi
733 718 824 776 suut:
859 710 1010 777 Sanctam
1047 712 1222 780 Romanam

53 802 233 868 Ecclesiam
255 806 469 866 summumst
491 799 619 881 plenum
642 801 813 880 primatum
835 804 869 866 et
890 799 1103 881 principatum
1126 819 1223 884 super

55 891 236 956 nniversam
264 887 441 954 Ecclesiam
477 887 665 954 catholicam
701 887 855 966 obtinere,
891 905 984 967 quem
1016 905 1050 953 se
1084 890 1126 955 ab
1152 891 1222 971 ipse

55 978 190 1043 Domino
211 977 246 1040 in
269 976 367 1042 beate
382 975 478 1041 Petro
494 974 719 1058 Apostolorum
734 976 876 1056 principe
899 976 965 1041 sive
979 978 1107 1057 vertice,
1131 980 1223 1060 cujus

56 1067 217 1131 Romanus
250 1063 399 1130 Pontifex
428 1070 478 1129 est
508 1081 680 1142 successor,
716 1081 789 1128 cunr
819 1064 989 1145 potestatis
1026 1064 1224 1146 plenitudine

57 1155 215 1234 recepisse
237 1153 396 1217 veraciter
418 1158 451 1217 et
472 1151 636 1216 humiliter
657 1152 866 1233 recognoscit3
891 1155 924 1216 et
946 1152 1029 1217 siem
1051 1172 1129 1234 prae
1152 1172 1224 1220 cae-

57 1243 132 1307 teris
153 1245 285 1306 tenctur
307 1237 382 1305 fidei
404 1240 572 1304 veritatem
595 1237 772 1318 defendere,
802 1239 847 1303 sic
871 1244 913 1318 ct,
942 1240 969 1303 si
992 1257 1073 1320 quae
1100 1241 1138 1306 de
1161 1241 1223 1306 fide

58 1330 205 1394 subortae
227 1326 347 1394 brerint
369 1328 580 1409 quaestiones,
604 1345 662 1391 suo
685 1326 801 1391 debent
819 1325 940 1408 jndicio
965 1326 1098 1393 definiri.
1152 1328 1223 1396 Flo

59 1418 215 1482 rentinum
250 1416 385 1497 denique
419 1413 595 1480 Concilium
630 1412 785 1480 definivit:
820 1413 1005 1480 Pontificem
1035 1416 1223 1498 Romanum,

58 1523 162 1570 verum
186 1501 309 1568 Christi
331 1503 502 1582 vicarium,
534 1504 695 1584 totiusque
717 1501 882 1567 Ecclesiae
911 1508 1007 1584 caput
1029 1511 1062 1569 et
1084 1506 1223 1570 omnium

60 1592 310 1657 Christianorum
337 1596 462 1671 patrem
485 1609 523 1655 ac
553 1591 716 1656 doctorem
739 1591 889 1667 existere;
923 1597 957 1656 et
979 1592 1037 1672 ipsi
1066 1592 1099 1656 in
1128 1594 1223 1660 beato

61 1681 149 1744 Petro
173 1679 336 1760 pascendi,
368 1678 499 1761 regendi
523 1697 561 1744 ac
591 1678 789 1760 gubernandi
812 1678 1024 1744 universalem
1046 1678 1224 1747 Ecclesiam

63 1768 228 1831 abomino
254 1773 364 1832 nostro
380 1766 460 1833 Jesu
477 1764 604 1832 Christo
623 1767 750 1847 plenam
767 1770 958 1846 potestatem
976 1767 1129 1833 traditam
1145 1787 1223 1835 esse.

161 1855 246 1919 Huic
278 1854 431 1936 pastorali
464 1856 587 1919 muneri
620 1860 657 1918 ut
685 1851 925 1932 satisfacerent,
959 1853 1223 1923 Praedecesseres

68 1941 168 2007 Nostri
182 1940 377 2008 indefessam
400 1961 525 2023 semper
548 1961 676 2023 operam
692 1941 856 2023 dederunt,
880 1947 916 2006 ιιι
939 1942 1086 2007 salutaris
1103 1941 1222 2010 Christi

74 2029 202 2095 tauma
217 2030 307 2111 apud
329 2048 438 2095 omnes
454 2036 560 2095 terrae
582 2029 717 2111 populos
732 2035 973 2112 propagaretur,
997 2031 1129 2112 parique
1145 2050 1222 2098 cura

80 2117 238 2197 delum,
263 2123 308 2197 ιιι,
331 2119 386 2183 ubi
408 2124 539 2198 recepta
555 2124 649 2198 esset,
673 2119 797 2184 sincera
820 2124 854 2182 et
868 2136 949 2199 pura
972 2126 1222 2187 conservaretur.

79 2202 214 2279 Quocirca
236 2207 335 2271 totius
367 2207 452 2271 orbis
476 2206 645 2271 Antistites
668 2224 751 2271 nunc
773 2206 898 2287 singuli,
925 2224 1008 2272 nunc
1031 2207 1064 2270 in
1087 2205 1222 2288 synodis

73 2295 252 2375 mugregati,
296 2293 423 2375 longam
457 2294 674 2359 Ecclesiarum
707 2294 969 2359 consuetudinem
1004 2301 1037 2360 et
1072 2295 1222 2377 antiquae

70 2381 189 2462 regulae
212 2379 344 2447 formam
368 2387 548 2464 sequentes,
572 2400 611 2447 ea
633 2382 822 2462 praesertim
837 2382 988 2463 pericula,
1012 2401 1092 2465 quae
1115 2383 1148 2447 in
1170 2401 1224 2448 ne·

70 2470 153 2547 gotiis
177 2467 253 2535 fidei
269 2471 481 2551 emergebant,
507 2470 547 2534 ad
571 2470 652 2535 hanc
667 2468 781 2534 Sedem
797 2469 1014 2551 Apostolicam
1035 2470 1222 2550 retulerunt,

69 2561 98 2618 ut
117 2557 162 2621 ibi
185 2559 386 2638 potissimum
410 2559 640 2624 resarcirentur
664 2557 779 2622 damna
802 2555 883 2637 fidei,
907 2557 962 2622 ubi
985 2557 1064 2624 fides
1080 2577 1142 2623 non
1167 2577 1224 2640 po-

67 2649 124 2707 test
144 2646 265 2710 sentire
290 2645 495 2722 defectum.²)
540 2647 673 2711 Romani
696 2651 803 2709 autem
827 2643 1004 2725 Pontifices,
1028 2652 1123 2729 prout
1145 2652 1224 2711 tem-

67 2749 172 2810 porum
197 2740 231 2798 et
246 2752 353 2798 rerum
376 2734 513 2799 conditio
529 2733 694 2812 suadebat,
719 2751 803 2797 nunc
819 2734 998 2799 convocatis
1015 2735 1223 2800 oecumenicis

66 2817 210 2887 Consiliis
243 2826 299 2886 aut
328 2827 440 2903 rogata
462 2819 623 2887 Ecclesiae
653 2840 711 2903 per
733 2820 842 2886 orbem
870 2821 1032 2902 dispersae
1056 2823 1223 2902 sententia,

65 2925 145 2972 nnnc
168 2927 228 2989 per
250 2908 391 2991 Synodos
419 2908 641 2991 particulares,
668 2927 751 2973 nunc
774 2907 852 2988 aliis,
877 2926 957 2990 quae
981 2910 1087 2975 divina
1109 2928 1224 2993 suppe-

66 2995 186 3061 ditabat
208 2996 416 3078 providentia,
447 2997 596 3063 adhibitis
619 2997 753 3076 auxiliis,
783 3014 821 3060 ea
843 2996 982 3061 tenenda
1005 2996 1223 3077 definiverunt,

64 3100 142 3162 quae
168 3085 269 3149 sacris
291 3083 463 3165 Scripturis
492 3092 524 3148 et
547 3084 728 3166 apostolicis
756 3083 991 3149 Traditionibus
1014 3093 1225 3152 consentanea

64 3169 128 3235 Deo
160 3171 306 3252 adjutore
338 3179 560 3254 cognoverant.
618 3172 727 3253 Neque
754 3172 838 3236 enim
866 3172 954 3236 Petri
987 3174 1225 3239 successoribus

63 3256 197 3339 Spiritus
222 3258 358 3324 Sanctus
381 3262 554 3341 promissus
578 3265 634 3339 est,
666 3267 702 3325 ut
725 3278 762 3324 eo
785 3259 948 3324 revelante
971 3279 1087 3325 novam
1109 3262 1225 3326 doctri-

63 3364 135 3409 nam
158 3346 383 3427 patefacerent,
408 3348 463 3412 sed
487 3354 524 3412 ut
547 3367 584 3413 eo
608 3349 779 3412 assistente
802 3349 953 3412 traditam
977 3368 1034 3429 per
1058 3349 1226 3431 Apostolos

60 3433 288 3499 revelationem
312 3453 369 3500 seu
390 3435 465 3500 fidei
488 3435 668 3518 depositum
690 3442 799 3500 sancte
816 3436 1012 3500 custodirent
1034 3442 1068 3500 et
1090 3437 1227 3502 fideliter

60 3527 264 3602 exponerent.
332 3522 472 3599 Quorum
507 3524 634 3605 quidem
669 3523 873 3604 apostolicam
909 3524 1085 3589 doctrinam
1118 3543 1226 3590 omnes

60 3609 260 3674 venerabiles
283 3609 396 3675 Patres
419 3611 555 3692 amplexi
586 3616 618 3675 et
640 3612 742 3677 sancti
766 3612 919 3676 Doctores
943 3612 1110 3677 orthodoxi
1131 3631 1227 3678 vene-

59 3699 122 3762 rati
146 3702 243 3779 atque
268 3699 370 3762 secuti
392 3705 480 3777 sunt;
511 3699 692 3782 plenissime
720 3699 866 3778 scientes,
896 3699 978 3764 hanc
1011 3701 1114 3765 sancti
1136 3700 1225 3765 Petri

57 3783 176 3849 Sedem
192 3785 239 3866 ,ab
265 3786 349 3850 omni
372 3805 497 3867 semper
520 3805 629 3851 errore
652 3786 807 3852 illibatam
829 3806 1025 3868 permanere,
1056 3788 1226 3853 secundum

57 3873 190 3938 Domini
212 3872 389 3939 Salvatoris
423 3876 525 3939 nostri
549 3875 688 3940 divinam
716 3874 978 3954 pollicitationem
1002 3876 1228 3958 discipulorum

58 4032 273 4042 ——m—

172 4098 192 4167 ¹)
210 4099 255 4152 Ex
274 4098 394 4154 formula
410 4099 437 4153 S.
456 4100 621 4154 Hormisdae
633 4101 735 4169 Papae,
754 4109 836 4169 prout
855 4103 889 4155 ab
901 4103 1086 4156 Hadrianoll.
1099 4103 1228 4159 Patribus

59 4168 190 4307 sl³{1‹{)1}ccrr111;J
191 4169 372 4294 ἴ(ἐεξιειῖιιιιιὶοί
384 4170 469 4233 vlu,
489 4170 787 4239 Constantinopolitani
800 4173 855 4240 lV.‚
875 4174 1015 4240 proposita
1035 4179 1063 4226 et
1082 4174 1116 4227 ab
1132 4174 1229 4229 iisdem

122 4305 125 4309 ’
174 4309 195 4378 ²)
215 4309 256 4363 Cf.
276 4309 302 4363 S.
322 4310 404 4367 Bern.
423 4309 513 4378 Epist.
534 4310 611 4364 CXC.

1091 4418 1123 4471 2*

1298 4454 1364 4560 Δ
