2872 4874
229 329 271 390 94
729 339 897 386 martinam

228 485 326 548 mixto
350 483 471 562 aliquot
497 482 587 544 anilis
610 478 837 557 adolescentes,
869 497 940 542 raro
962 477 1148 559 plerumque
1169 477 1317 558 exemplo
1342 495 1394 541 ex·

230 578 331 650 cepto,
355 570 448 634 fidem
473 567 667 632 Catholicam
700 573 732 630 et
754 569 906 647 pietatem
929 569 1088 645 amittunt,
1113 572 1313 646 pereuntque
1336 583 1396 645 pro

229 657 395 724 Catholica
429 655 587 735 Ecclesia,
623 673 680 735 pro
709 655 837 734 propria
869 672 945 719 suae
978 656 1063 720 vitae
1092 655 1245 734 sospitate
1276 661 1310 718 et
1334 653 1395 717 nisi

227 748 332 826 gratia
365 745 563 826 postmodum
598 742 782 807 subvenerit
816 759 873 822 pro
907 741 1010 805 salute
1043 750 1183 807 aeterna.
1237 740 1286 805 De
1322 739 1394 805 filiis

227 852 253 902 s.
277 835 372 897 matri
394 831 557 896 Ecclesiae
584 831 744 911 quondam
775 831 916 909 impense
939 829 1075 895 addictis
1105 830 1194 895 brevi
1216 828 1297 894 facti
1320 835 1396 894 sunt

228 920 424 986 infestissimi
447 919 564 996 hostes,
590 937 684 997 quam
708 916 880 982 honoribus
903 923 935 980 et
957 918 1140 983 muneribus
1164 917 1273 982 mundi
1296 917 1395 980 semel

229 1011 322 1087 aucti,
336 1007 627 1088 quomodocumque
642 1006 811 1086 potuerint,
828 1006 979 1069 acerrime
996 1011 1185 1086 expugnant.
1208 1005 1259 1069 Ita
1270 1011 1395 1070 crescat

228 1102 354 1177 oportet
377 1094 517 1169 hostiam
532 1111 680 1157 numerus
703 1094 736 1156 in
756 1094 897 1172 propria
913 1092 1077 1158 Ecclesiae
1094 1092 1282 1176 Catholicae
1302 1093 1396 1157 aomo

230 1190 263 1249 et
296 1183 375 1247 fiant
408 1181 612 1261 infestissimi
640 1181 743 1244 cosas
771 1183 839 1259 ipsi
862 1181 1022 1246 domestici
1053 1184 1131 1262 ejas,
1184 1181 1247 1246 Sed
1273 1181 1395 1245 malum

228 1272 289 1336 hoc
321 1271 542 1352 gravissimum
575 1270 608 1332 in
642 1269 710 1333 dies
741 1275 885 1349 augetur,
926 1271 959 1333 in
993 1270 1248 1350 generationibus
1278 1267 1395 1334 futuris

229 1367 324 1440 atque
348 1359 511 1422 Ecclesiae
540 1357 651 1422 exinde
683 1363 836 1438 parantur
858 1356 1074 1422 funestissima
1094 1357 1169 1435 fata,
1201 1376 1272 1422 cum
1296 1358 1396 1440 impia

229 1456 408 1527 temporum
438 1446 550 1510 horum
579 1451 722 1525 potestas
744 1466 808 1524 per
839 1445 963 1509 scholae
991 1446 1111 1508 calatas
1139 1465 1208 1509 eam
1240 1446 1337 1526 qaasa'
1357 1444 1396 1508 fa

228 1536 338 1599 cadica
363 1541 394 1597 et
428 1533 601 1597 sarcinaria
621 1532 766 1612 fideliam
790 1534 985 1610 perturbare
1008 1539 1041 1597 et
1064 1534 1229 1612 extirpare
1252 1538 1391 1598 odachar.

228 1622 272 1686 Et
293 1623 344 1687 hic
368 1627 414 1686 est
449 1628 575 1701 questas
603 1641 692 1684 arceas
724 1621 956 1700 gemebundae,
989 1621 1067 1684 haec
1103 1621 1290 1684 laureatatc'o
1324 1641 1394 1685 acea

231 1710 437 1774 amaricatam
461 1710 498 1773 cla
521 1707 636 1773 scholis
658 1709 776 1784 rotatis,
801 1725 895 1788 quam
919 1708 1007 1773 robis
1023 1708 1094 1771 Emi
1118 1727 1155 1773 ac
1178 1709 1250 1773 Rmi
1272 1708 1335 1774 ΡΡ.
1352 1709 1395 1773 ad

226 1797 440 1879 adjuvandum
471 1816 522 1861 me
555 1795 673 1861 refero:
709 1797 897 1875 gravissima
930 1797 1014 1861 mala
1047 1796 1147 1872 video,
1184 1815 1243 1861 nec
1273 1797 1393 1861 mederi

226 1886 325 1964 valeo,
350 1904 421 1949 cum
452 1885 605 1965 ejusmodi
634 1883 761 1949 scholae
784 1885 915 1947 statutis
947 1885 1054 1948 ciuilis
1076 1890 1205 1949 aostrac
1231 1883 1393 1950 Constitu·

227 1975 326 2038 tiocia
343 1973 539 2047 innitant.ur;
565 1990 658 2052 quam
682 1981 806 2036 mutare
828 1972 912 2036 vires
936 1972 1012 2035 mihi
1037 1973 1160 2038 desunt.

332 2061 453 2125 Habita
475 2061 599 2124 ratione
613 2065 663 2124 tot
686 2065 909 2140 tantorumque
924 2060 1089 2137 malorum,
1112 2061 1244 2140 quaein
1260 2061 1392 2140 animas,

227 2151 260 2214 in
291 2149 466 2214 Ecclesiam
499 2155 532 2212 et
555 2145 751 2212 Catholicam
783 2149 967 2212 societatem
992 2168 1030 2212 ca
1061 2147 1184 2212 Saltolis
1206 2149 1320 2212 mixtas
1338 2167 1391 2219 re·

227 2238 380 2315 dundant,
413 2236 443 2300 S.
468 2235 643 2300 Concilium
666 2236 854 2300 Vaticanum
883 2235 1009 2300 silentio
1040 2236 1216 2316 praeterire
1250 2254 1305 2301 eas
1332 2255 1394 2300 non

226 2331 340 2407 potest,
364 2325 421 2388 sed
443 2322 585 2387 remedia
608 2330 695 2387 certa
719 2330 901 2388 contraeas
924 2330 1065 2388 statuere
1087 2323 1191 2388 debet.
1226 2323 1395 2406 Imprimis,

226 2418 322 2494 prout
350 2413 468 2492 opinor,
503 2411 617 2474 summi
639 2412 688 2474 sui
721 2412 859 2474 muneris
883 2418 915 2474 et
947 2410 1039 2476 officii
1072 2413 1131 2476 erit
1162 2411 1298 2476 solemni
1332 2430 1388 2478 suo

227 2496 374 2564 consultu

336 2593 363 2649 1.
399 2585 528 2651 Scholas
562 2586 676 2650 mixtas
712 2585 934 2667 cujuscumque
968 2589 1094 2671 generis
1127 2605 1165 2651 ac
1197 2587 1319 2652 ordinis
1343 2605 1393 2651 re·

227 2676 369 2754 probare,

334 2767 363 2827 2.
396 2761 578 2842 Episcopos,
608 2763 760 2842 parochos
791 2769 824 2826 et
847 2770 996 2843 parentes
1025 2764 1107 2827 serio
1132 2763 1311 2840 adhortari,
1342 2769 1397 2826 ut-

225 2856 301 2931 pote
331 2850 526 2928 Epa'scopm,
561 2858 598 2914 ut
627 2868 684 2930 pro
716 2868 809 2931 posse
840 2869 897 2915 suo
931 2857 1042 2916 contra
1075 2851 1230 2932 eiusmodi
1259 2850 1395 2916 Scholas

226 2938 376 3016 militent,
402 2937 577 3018 parociae,
615 2943 650 3001 ut
680 2935 892 3002 Christianam
918 2939 1118 3020 juventutem
1142 2939 1183 3004 ab
1213 2939 1258 3003 eis
1283 2957 1396 3004 arcere

225 3025 386 3103 studeant,
414 3030 577 3106 peraratas,
609 3043 648 3089 ne
670 3043 785 3106 pueros
816 3045 890 3092 suos
925 3027 1081 3109 ejusmodi
1114 3027 1228 3092 scholis
1250 3044 1397 3108 unquam

226 3115 432 3179 committant.

333 3206 363 3266 3.
398 3201 618 3282 Maqistratas
645 3201 752 3266 cacitas
774 3201 956 3278 admouere,
988 3209 1025 3267 ut
1048 3201 1178 3267 Scholaa
1208 3199 1399 3269 Catholicae

225 3287 419 3354 fundationis
451 3306 623 3369 earumque
656 3289 822 3354 facultates
857 3288 1027 3356 Catholicis
1056 3292 1164 3371 iniqua
1195 3291 1227 3354 vi
1255 3299 1292 3356 et
1321 3292 1396 3374 lege

224 3377 405 3441 subtractas
435 3378 616 3456 restituant,
648 3377 839 3458 liberumque
849 3397 1027 3456 puerorum
1048 3379 1292 3443 instructionem
1314 3381 1398 3462 ipsis

225 3464 410 3538 concedant,
434 3483 527 3545 quam
550 3471 684 3547 paterna
707 3465 816 3546 utique
838 3471 983 3546 potestas
1002 3468 1075 3548 jure
1097 3467 1224 3548 exigere
1247 3472 1367 3548 potest.

332 3553 421 3618 Haec
455 3570 553 3618 sanae
588 3553 752 3617 doctrinae
783 3552 926 3635 jurisque
958 3555 1127 3635 principia,
1163 3554 1321 3636 siquidem
1352 3555 1393 3621 ad

224 3644 350 3722 tempus
373 3639 431 3704 abs
453 3641 529 3705 viris
557 3641 684 3722 iniquae
707 3640 875 3705 violentiae
903 3659 966 3705 non
989 3643 1210 3723 respiciuntur,
1235 3649 1390 3726 tempore,

224 3729 309 3807 quod
332 3728 488 3807 adveniet,
511 3727 618 3793 forsan
633 3728 872 3808 praevalebunt,
895 3731 956 3794 nisi
979 3731 1106 3794 interim
1130 3739 1291 3795 terrarum
1307 3731 1391 3798 orbis

223 3817 312 3896 prius
337 3816 437 3880 ruerit
460 3823 556 3896 atque
579 3818 878 3898 appropinquaverit
899 3825 1034 3882 ventum
1056 3819 1121 3882 ira!

330 3903 459 3968 Summo
483 3916 516 3968 et
538 3905 670 3984 perenni
693 3902 789 3968 cultu.

330 3992 448 4057 Romae
471 3991 580 4057 idibus
604 3990 703 4073 April.
731 3997 825 4058 1870.

753 4134 774 4213 †
798 4130 929 4197 Carolus
956 4133 1095 4200 loannes
1120 4097 1234 4199 Greith

846 4220 904 4300 Ep.
930 4220 1154 4304 Sangallensis.

703 4408 914 4429 m
