2872 4874
468 325 505 370 ns
528 325 597 370 rinc
621 323 799 371 ιιιιιοιιιι.
1201 311 1220 372 5

45 467 164 544 tinere,
197 470 396 529 revertentes
430 464 594 546 amplecti,
626 463 813 529 confirmare
845 465 946 528 bonos
969 468 1001 527 et
1024 463 1066 527 ad
1088 463 1220 528 meliora

48 554 224 636 provehere
256 559 372 633 parata
406 570 531 632 semper
566 557 600 616 et
633 553 757 616 intenta
789 556 848 616 est.
904 551 1104 632 Quapropter
1133 551 1220 616 nullo

48 651 190 723 tempore
215 660 234 704 ι
257 640 318 703 Dei
340 640 492 717 veritate,
527 658 610 720 quae
633 646 724 704 sanat
747 640 867 719 omnia,
903 639 1051 703 testanda
1074 643 1105 702 et
1129 657 1221 718 prae-

52 729 185 795 dicanda
201 729 365 810 quiescere
379 733 495 807 potest,
513 727 573 791 sibi
590 728 707 792 dictum
724 745 793 792 esse
808 746 872 792 non
887 727 1051 809 ignorans:
1078 725 1223 805 Spiritus

52 838 145 895 meae,
170 817 227 898 qai
251 820 298 880 est
320 816 356 878 ia
378 822 416 892 te,
440 822 469 880 et
492 815 589 879 verba
611 835 796 897 actamquae
813 815 914 895 posci
936 815 971 878 c'a
993 833 1046 878 ore
1069 819 1132 892 tuo,
1156 833 1222 877 ooo

52 905 198 970 recedent
220 904 260 968 de
283 924 337 968 ore
360 909 413 967 tao
436 903 547 967 amodo
570 909 601 967 et
622 923 721 985 usque
742 904 780 966 ιι
802 901 1038 982 sareptenam.
1058 902 1082 985 ¹)

152 991 219 1056 Nos
232 993 349 1072 itaque,
359 990 561 1055 inhaerentes
573 990 857 1056 Praedecessorum
870 989 1058 1054 Nostrorum
1068 989 1221 1070 vestigiis,

53 1100 105 1162 pro
138 1097 288 1161 supremo
319 1079 437 1143 Nostro
461 1078 644 1160 Apostolico
672 1096 805 1143 munere
835 1078 1003 1143 veritatem
1034 1076 1222 1142 catholicam

56 1173 163 1234 docere
197 1186 235 1232 ac
263 1167 361 1245 tueri,
395 1184 626 1247 perversasque
662 1166 822 1232 doctrinas
853 1165 1026 1246 reprobare
1059 1182 1223 1245 nunquam

54 1256 287 1322 intermisimus.
333 1257 422 1319 Nunc
445 1259 552 1318 autem
576 1254 757 1320 sedentibus
772 1253 945 1318 Nobiscum
961 1259 994 1316 et
1006 1253 1222 1334 judicantibus

55 1345 191 1409 universi
214 1344 302 1408 orbis
326 1342 509 1423 Episcopis,
544 1343 577 1406 in
600 1341 683 1407 hanc
705 1343 938 1407 oecumenicam
962 1340 1123 1442 synodum
1147 1359 1223 1406 auo·

55 1434 182 1497 raritate
206 1430 286 1495 Nost
272 1435 324 1494 tra
346 1431 379 1494 in
403 1429 525 1510 Spiritu
548 1428 665 1495 Sancto
688 1428 900 1512 congregatis
924 1431 1022 1493 innixi
1043 1429 1102 1493 Dei
1124 1428 1223 1494 verbo

58 1520 175 1601 scripto
199 1525 232 1584 et
218 1519 377 1598 ttradito,
401 1522 498 1599 prout
513 1518 554 1582 ab
565 1497 717 1583 Ecclesia
733 1525 785 1582 cat
771 1518 890 1583 thelica
905 1522 1015 1582 sancte
1033 1517 1223 1582 custoditum

58 1613 88 1674 et
118 1608 253 1689 genuine
285 1606 461 1707 expositum
495 1607 692 1687 accepimus,
727 1624 765 1670 ex
796 1605 856 1669 hae
882 1605 972 1670 Petri
1002 1603 1064 1669 Cat
1063 1604 1200 1670 hedra
1191 1625 1223 1669 ιιι

60 1701 223 1778 conspectu
256 1695 396 1758 omnium
433 1692 607 1758 salutarem
645 1692 765 1758 Christi
807 1693 981 1758 doctrinam
1013 1691 1156 1774 profiteri
1191 1698 1225 1757 ιι
1249 1717 1277 1775 χ

63 1783 218 1848 declarare
254 1783 490 1852 constituimus,
525 1781 668 1847 adversis
703 1781 862 1846 erroribus
893 1785 1052 1863 potestate
1084 1782 1174 1846 nobis
1204 1799 1225 1844 a

64 1870 122 1935 ileo
144 1870 266 1935 tradita
288 1870 475 1952 proscriptis
499 1876 595 1950 atque
620 1870 787 1935 damnatis.

546 2059 684 2125 CAPUT
707 2061 731 2126 1.

326 2200 377 2267 De
400 2200 470 2269 Deo
492 2221 602 2266 reram
626 2202 766 2266 omnium
791 2199 952 2265 Creatore.

71 2372 78 2388 ¹
161 2343 281 2409 Sancta
304 2339 468 2407 Catholica
490 2341 674 2424 Apostolica
706 2342 851 2407 Romana
881 2340 1026 2407 Ecclesia
1062 2340 1164 2406 credit
1191 2347 1226 2407 et

66 2428 242 2509 confitetur,
278 2448 374 2493 unum
400 2448 470 2495 esse
494 2429 597 2495 Deum
618 2448 730 2494 verum
758 2436 791 2495 et
813 2430 935 2509 vivum,
972 2427 1157 2494 Creatorem
1186 2449 1226 2495 ac

64 2517 226 2582 Dominum
250 2517 329 2582 coeli
350 2522 384 2581 et
404 2524 522 2596 terrae,
546 2519 804 2599 omnipotentem,
828 2523 1003 2598 aeternum,
1025 2518 1224 2599 immensum,

62 2603 411 2687 incomprehensibilem,
435 2605 600 2671 intellectu
624 2624 661 2670 ac
676 2605 840 2671 voluntate
864 2606 1011 2687 omnique
1032 2603 1226 2688 perfectione

62 2691 232 2773 infinitum3
268 2693 416 2774 quicum
440 2693 483 2757 sit
501 2695 569 2758 'una
592 2692 777 2776 singularis
811 2693 943 2776 simplex
972 2695 1099 2758 omnino
1123 2698 1157 2758 et
1178 2693 1226 2759 ιιι-

60 2745 291 2847 commutabilis
323 2780 414 2846 subst
400 2782 503 2845 tantia
537 2781 729 2932 spiritinualis‚
773 2781 1004 2863 praedicandus
1037 2785 1089 2846 est
1124 2799 1159 2846 re
1192 2787 1227 2855 et

60 2869 198 2933 essentia
218 2887 238 2932 a
260 2870 378 2933 mundo
402 2869 531 2934 distinct
518 2874 585 2948 t,us
619 2886 717 2934 mse
748 2875 781 2934 et
812 2889 851 2945 ιιι
879 2887 913 2934 ιι
936 2868 1021 2934 beat
998 2871 1156 2948 tissimus,
1193 2876 1226 2939 ιι

59 2975 154 3038 super
185 2958 308 3036 omnia,
344 2975 425 3037 quae
454 2962 546 3040 praet
546 2975 581 3020 er
611 2957 714 3038 ipsum
746 2963 822 3022 sunt
856 2961 890 3022 et
926 2957 1048 3038 concipi
1080 2963 1225 3039 possunt,

59 3042 226 3110 ineffabilit
212 3048 262 3109 ter
285 3044 436 3108 excelsus.

162 3130 223 3197 Hic
246 3131 330 3196 solus
353 3149 447 3196 verus
463 3131 550 3197 Deus
572 3131 715 3198 bonitate
736 3150 795 3197 sua
817 3137 851 3198 et
873 3131 1084 3212 omnipotenti
1105 3132 1226 3196 virtute

57 3237 121 3285 non
145 3220 187 3283 ad
221 3220 399 3299 augendam
431 3237 521 3284 suam
543 3219 791 3300 beatitudinem,
826 3236 885 3286 uec
917 3218 960 3284 ad
990 3219 1227 3301 acquirendam,

56 3306 112 3372 sed
149 3307 190 3371 ad
224 3305 489 3372 manifestandam
524 3305 644 3389 perfect
630 3309 750 3373 tionem
783 3325 875 3373 suam
908 3325 966 3389 per
1000 3307 1105 3388 hona,
1144 3324 1228 3389 quae

56 3396 214 3460 creaturis
236 3395 427 3477 impertitur,
449 3394 611 3461 liberrimo
627 3394 756 3462 consilio
779 3396 872 3460 simul
895 3395 1004 3459 abini
959 3395 1050 3461 initio
1073 3357 1226 3476 temporis

55 3489 226 3564 utramque
250 3482 289 3546 de
312 3482 411 3550 nihilo
435 3482 576 3548 condidit
600 3488 691 3548 creat
691 3502 795 3563 uram,
830 3483 922 3566 spirit
899 3482 1090 3546 ttualem
1056 3485 1090 3547 et
1117 3500 1227 3567 corpo·

55 3571 175 3650 1·,alem
200 3570 377 3652 angelicam
400 3570 550 3637 videlicet
572 3562 605 3635 ιι
627 3572 834 3651 mundanam,
859 3589 897 3636 ac
919 3571 1033 3635 deinde
1055 3569 1225 3635 humanam

54 3659 149 3740 quasi
174 3675 370 3723 communem
393 3677 432 3723 ex
455 3659 570 3741 spirit
534 3663 626 3724 tuat
648 3677 779 3742 corpore
804 3659 1018 3726 constitutam
1035 3658 1062 3740 ²)
1125 3718 1128 3723 .

164 3745 320 3810 Universa
342 3764 428 3825 vero,
451 3764 534 3827 quae
550 3747 697 3826 condidit,
722 3747 808 3813 Deus
823 3746 1023 3830 providentia
1042 3763 1102 3810 sua
1116 3728 1229 3810 tuetur

54 3838 155 3917 atque
179 3834 351 3915 gubernat,
381 3835 542 3916 attingens
573 3833 677 3900 afine
700 3853 799 3917 usque
829 3837 870 3902 ad
898 3832 993 3920 finem
1015 3832 1159 3912 fortiter,
1194 3835 1228 3896 et

55 3921 230 4002 disponens
253 3922 361 3996 omnia
382 3924 532 3987 suaviter.
547 3925 573 4007 ³)
619 3923 734 3989 Omnia
757 3923 839 3989 enim
862 3923 948 3988 nuda
969 3928 1003 3987 ιι
1018 3926 1129 4004 operta
1152 3922 1228 3985 sunt

54 4007 168 4160 {rffisa
190 4026 278 4160 ghhst’
294 4009 321 4092 ⁴)
358 4028 397 4075 ea
434 4010 547 4090 etiam,
588 4029 669 4091 quae
707 4010 809 4077 libera
849 4016 1067 4077 creaturarum
1105 4006 1231 4105 actione

88 4299 91 4303 ,
171 4271 189 4337 ¹)
209 4271 244 4324 Is.
265 4269 337 4328 LIX.
356 4273 400 4326 21.
485 4271 509 4340 ²)
528 4270 610 4326 Cone.
630 4272 724 4327 Later.
743 4271 790 4339 IV.
810 4288 832 4327 o.
853 4277 877 4326 l.
896 4269 1037 4325 Firmiter.

169 4341 192 4410 ³)
212 4340 274 4408 Sap.
292 4340 367 4396 VIlI.
387 4346 412 4399 1.
487 4343 510 4410 ⁴)
529 4341 570 4395 Cf.
588 4342 674 4396 Hebr.
693 4343 740 4396 IV.
761 4345 802 4396 13.
