2872 4874
221 334 260 393 58
713 344 881 391 Possumus

219 485 279 550 Dei
309 484 505 562 intuitivam,
538 502 647 548 verum
680 483 775 547 etiam
803 483 939 565 idipsum
970 481 1158 548 confirmant
1191 484 1391 549 auctoritate

220 571 351 638 Concilii
375 573 561 636 Viennensis
589 590 639 635 an.
665 577 748 636 1300
776 571 834 636 sub
859 569 1019 636 Clemente
1043 573 1079 635 V.
1103 571 1268 637 celebrati.
1317 571 1392 638 Hoc

220 660 392 724 Concilium
424 658 609 741 Beguardos
641 659 820 737 damnavit,
855 660 907 739 qui
943 659 1104 724 dicebant:
1154 659 1287 738 „Anima
1322 679 1392 724 non

219 747 339 828 indiget
371 748 487 811 lumine
521 748 639 828 gloriae
670 747 771 826 ipsam
804 747 950 812 elevante
980 747 1021 811 ad
1052 747 1223 812 videndum
1247 748 1386 812 Deum.“

219 836 288 914 Quo
311 836 502 916 praemisso,
527 835 573 898 sic
597 835 792 916 arguendum
815 836 954 899 videtur:
1001 833 1095 899 Certe
1118 834 1236 899 lumine
1258 835 1391 916 gloriae

219 941 280 988 non
305 923 439 1004 amplius
462 923 583 1004 indiget
605 921 762 986 humanus
791 921 975 986 intellectus
1006 928 1042 986 ut
1073 922 1114 986 ad
1136 923 1196 988 Dei
1229 924 1392 989 visionem

218 1012 398 1092 perveniat,
424 1012 450 1074 si
473 1010 550 1073 visio
574 1010 633 1074 Dei
657 1015 707 1074 εει
729 1011 790 1091 ipsi
811 1010 984 1087 naturalia
1020 1015 1056 1074 ut
1082 1015 1180 1091 patet.
1225 1011 1331 1092 Igitur
1356 1018 1391 1076 et

218 1099 390 1163 incurritur
406 1097 566 1162 damnatio
583 1097 723 1176 Concilii,
748 1103 781 1162 et
803 1099 880 1162 visio
903 1095 1052 1162 beatifica
1074 1116 1136 1162 non
1160 1099 1220 1162 erit
1243 1098 1390 1180 amplius

221 1184 484 1267 supernaturalis.
530 1185 619 1250 Haec
641 1185 788 1250 videntur
810 1204 868 1266 per
890 1203 925 1250 se
947 1185 1126 1250 manifesta.

784 1379 822 1440 V.

328 1502 368 1564 At
391 1501 578 1580 cognitionis
606 1501 806 1565 immediatae
828 1501 1009 1566 adsertores
1032 1501 1115 1566 hanc
1138 1499 1272 1566 Concilii
1297 1502 1389 1567 dam·

220 1589 380 1653 nationem
403 1589 505 1653 vitare
528 1594 692 1654 conantur.
739 1591 857 1653 Dicunt
879 1588 976 1668 aliqui
1002 1599 1029 1653 1.
1055 1588 1229 1654 Concilium
1253 1589 1386 1657 damnat

219 1694 283 1755 eoa,
319 1677 372 1756 qui
395 1676 631 1741 contendebant
662 1694 755 1757 posse
779 1678 819 1740 ab
841 1677 980 1740 bumana
1011 1686 1116 1741 mente
1137 1678 1171 1740 in
1202 1682 1292 1741 statu
1314 1679 1386 1743 viae

219 1763 318 1827 videri
342 1765 513 1828 essentiam
536 1765 611 1844 Dei;
646 1781 703 1828 nos
726 1765 874 1828 docemus
904 1764 1005 1828 videri
1037 1784 1101 1828 non
1130 1765 1304 1829 essentiam
1327 1765 1384 1831 sed

219 1852 430 1915 substantiam
453 1852 522 1915 Dei.
558 1851 622 1916 Sed
644 1851 724 1917 haec
747 1853 841 1916 etiarn
866 1870 963 1916 sanae
985 1852 1147 1917 doctrinae
1171 1859 1381 1934 opponuntur.

220 1937 300 2002 Cum
324 1941 407 2003 enim
430 1941 516 2004 Deus
539 1941 581 2004 sit
604 1938 725 2004 infinite
749 1940 890 2021 simplex,
919 1939 1008 2003 nulla
1029 1940 1061 2003 in
1085 1957 1123 2003 eo
1146 1946 1196 2005 est
1219 1940 1377 2005 distinctio

219 2028 303 2092 iuter
329 2029 500 2091 essentiam
531 2034 564 2091 et
591 2028 812 2092 substantiam.
870 2027 1072 2109 Quapropter
1099 2025 1168 2092 fieri
1189 2028 1309 2108 nequit,
1339 2034 1376 2091 ut

219 2114 357 2179 humana
378 2133 467 2179 mens
489 2116 522 2179 in
551 2115 685 2179 videndo
710 2115 778 2180 Deo
799 2115 907 2179 videat
935 2118 1003 2198 ejus
1026 2116 1240 2180 substantiam
1264 2121 1297 2180 et
1318 2132 1379 2180 non

220 2203 287 2283 ejus
310 2205 489 2267 essentiam.
547 2202 719 2266 Praeterea
751 2223 822 2267 cum
845 2205 877 2267 in
901 2203 967 2268 Deo
999 2221 1068 2267 esse
1096 2209 1128 2267 et
1157 2204 1298 2268 essentia
1319 2220 1381 2266 non

219 2291 463 2372 distinguuntur,
487 2294 524 2352 ut
547 2290 661 2355 docent
683 2290 831 2372 theologi,
856 2292 965 2370 nequit
987 2291 1088 2354 videri
1111 2291 1207 2369 Deus,
1230 2292 1292 2354 nisi
1314 2292 1382 2373 ejus

220 2380 358 2442 essentia
381 2378 535 2444 videatur.

778 2569 831 2632 VI.

326 2689 389 2753 Alii
417 2689 526 2755 dicunt
556 2694 585 2754 2.
608 2689 700 2755 Mens
729 2691 868 2756 humana
898 2691 996 2756 habet
1026 2692 1176 2757 intuitum
1203 2693 1385 2757 naturalem

221 2777 289 2856 Dei,
325 2796 387 2842 non
417 2786 572 2858 quatenus
595 2779 680 2843 videt
712 2778 779 2859 ejus
814 2779 992 2858 essentiam,
1027 2780 1083 2845 sed
1110 2785 1265 2860 quatenus
1298 2781 1388 2845 videt

220 2865 377 2930 attributa
393 2864 460 2943 Dei,
484 2866 529 2928 ita
544 2872 580 2929 ut
603 2867 755 2930 terminus
770 2866 925 2931 naturalis
947 2868 1080 2956 intuitus
1095 2886 1158 2932 non
1182 2869 1224 2931 sit
1246 2869 1387 2933 essentia

220 2953 275 3017 sed
299 2952 404 3017 divina
419 2954 583 3019 attributa.
618 2952 682 3019 Sed
698 2956 792 3019 etiam
814 2955 893 3020 haec
909 2957 1013 3020 evasio
1037 2956 1207 3038 opponitur
1223 2955 1386 3021 doctrinae

219 3040 404 3119 catholicae,
428 3059 508 3122 quae
531 3048 629 3124 negat
652 3060 775 3107 omnem
797 3043 1029 3108 distinctionem
1044 3042 1162 3107 realem
1185 3043 1270 3107 inter
1294 3044 1386 3107 attri-

219 3128 297 3192 buta
320 3136 352 3192 et
375 3129 556 3192 essentiam.
613 3129 657 3193 At
680 3131 706 3193 si
735 3148 828 3195 omne
850 3132 1037 3196 attributum
1061 3131 1122 3196 Dei
1151 3135 1200 3194 εει
1221 3131 1292 3212 ipsa
1316 3131 1387 3211 ejus

221 3217 367 3295 essentia,
402 3216 511 3296 nequit
534 3215 674 3280 humana
695 3234 782 3282 mens
804 3218 921 3282 intueri
949 3218 1075 3299 aliquod
1100 3219 1159 3282 Dei
1181 3219 1387 3297 attributum,

219 3303 295 3383 quin
327 3303 420 3366 simul
450 3304 517 3384 ejus
547 3305 717 3368 essentiam
752 3305 925 3370 intucatur.
983 3305 1154 3371 Praeterea
1187 3307 1214 3369 si
1242 3305 1388 3370 humana

218 3408 308 3455 mens
332 3391 490 3454 attributa
512 3391 573 3455 Dei
594 3393 746 3470 intuetur,
777 3411 839 3457 non
861 3394 980 3473 poterit
1010 3412 1047 3457 ea
1070 3400 1155 3458 certe
1184 3394 1300 3456 intueri
1324 3395 1388 3458 nisi

220 3476 273 3544 ubi
297 3484 380 3556 sunt,
404 3497 461 3542 seu
484 3485 519 3543 ut
543 3479 721 3544 concedunt
744 3480 926 3559 adversarii,
948 3482 982 3544 in
1005 3482 1145 3546 essentia
1169 3481 1282 3544 divina.
1322 3479 1388 3547 Sed

218 3583 283 3629 uon
298 3571 405 3646 potest
428 3584 491 3630 una
511 3585 561 3630 res
586 3568 732 3648 cognosci
747 3568 781 3631 in
804 3567 867 3632 alia
881 3573 1034 3648 tanquam
1056 3569 1090 3632 in
1114 3569 1239 3650 objecto
1256 3570 1388 3649 cognito

219 3653 268 3737 (ut
291 3659 383 3717 notat
405 3651 436 3717 S.
461 3653 572 3727 Thom
600 3660 627 3721 1.
652 3674 681 3736 p,
706 3673 735 3736 q.
761 3659 813 3719 84.
838 3674 866 3719 a.
893 3656 936 3738 5),
955 3655 1030 3736 quin
1054 3663 1262 3738 cognoscatur
1285 3657 1387 3719 etiam

219 3740 379 3822 objectum
408 3742 440 3805 in
472 3759 534 3822 quo
565 3743 636 3825 ipsa
669 3744 878 3824 cognoscitur.
940 3741 1010 3808 Non
1042 3749 1150 3825 posset
1183 3761 1258 3825 ergo
1293 3761 1388 3808 mens

218 3827 335 3893 intueri
357 3829 513 3894 attributa
536 3829 605 3910 Dei,
630 3831 705 3910 quin
729 3831 797 3912 ejus
821 3831 915 3894 etiam
939 3833 1108 3895 essentiam
1130 3832 1318 3894 intueretur.

770 4038 838 4102 vn.

324 4158 442 4224 Dicunt
474 4163 502 4223 3.
532 4157 594 4239 alii,
627 4158 778 4224 intuitum
806 4160 865 4225 Dei
892 4161 1071 4226 naturalem
1102 4180 1172 4228 esse
1202 4163 1385 4244 obscurum,

218 4245 367 4311 intuitum
396 4248 561 4312 beatorum
589 4263 659 4310 esse
686 4246 813 4314 clarum.
850 4247 938 4326 Quae
961 4250 1058 4314 etiam
1088 4251 1194 4316 evasio
1216 4269 1299 4314 vana
1323 4259 1385 4318 est.

217 4330 299 4397 Nam
324 4334 351 4398 si
367 4339 416 4398 est
438 4334 518 4399 visio
534 4332 595 4398 Dei
617 4335 813 4413 immediato,
837 4348 886 4400 est
909 4338 1046 4419 cognitio
1063 4338 1151 4403 clara
1174 4342 1207 4403 et
1231 4338 1387 4406 distincta
