2872 4874
226 324 265 383 36
508 335 629 384 sonum
652 301 896 385 oonsrmurroms
918 339 1109 387 noourmom

700 543 837 611 CAPUT
860 547 914 614 VI.

244 685 421 752 Ecclesiam
445 705 511 751 esse
533 685 712 750 societatem
735 685 779 750 cd
801 686 936 752 salutem
958 689 1210 770 consequendam
1233 691 1363 755 omnino

688 810 912 856 accessorium.

325 930 408 995 Hinc
432 949 539 996 omnes
562 930 757 1012 intelligant,
786 949 882 1012 quam
906 934 1087 997 necessaria
1110 934 1307 998 adsalutem
1331 937 1388 1001 ob-

219 1019 382 1084 tinendam
405 1020 540 1084 societas
564 1019 606 1083 sit
629 1018 775 1084 Ecclesia
790 1018 918 1084 Christi.
964 1019 1084 1085 Tantae
1107 1022 1254 1085 nimirum
1278 1041 1387 1088 ueces-

172 1120 177 1125 ·
219 1106 333 1186 sitatis,
356 1112 495 1187 quantae
519 1107 709 1171 consortium
733 1112 767 1171 et
788 1107 967 1187 conjunctio
983 1113 1033 1173 est
1049 1127 1119 1173 cum
1136 1107 1262 1175 Christo
1282 1113 1387 1193 capite

219 1198 252 1258 et
262 1195 396 1276 mystico
408 1194 475 1274 ejus
492 1213 630 1276 corpore,
646 1195 874 1276 praeterquod
889 1195 1007 1259 nullam
1024 1196 1118 1260 aliam
1135 1200 1387 1264 communionem

218 1282 286 1362 ipse
317 1283 419 1346 nutrit
450 1288 483 1346 et
516 1282 602 1347 fovet
635 1290 787 1364 tanquam
809 1281 985 1348 Ecclesiam
1019 1302 1124 1362 suam,
1156 1304 1251 1366 quam
1285 1287 1387 1352 solam

219 1369 329 1434 dilexit
344 1375 377 1434 et
393 1371 531 1452 seipsum
546 1370 677 1434 tradidit
693 1389 751 1452 pro
767 1389 814 1450 ea,
838 1375 874 1435 ut
888 1371 975 1436 illam
991 1371 1211 1452 sanctificaret,
1229 1375 1386 1439 mundans

217 1457 344 1522 lavacro
369 1476 470 1540 aquae
492 1459 525 1523 iu
547 1458 644 1522 verbo
667 1458 769 1524 vitae:
794 1464 830 1522 ut
853 1458 1016 1524 exhiberet
1040 1461 1107 1541 ipse
1130 1461 1191 1527 sibi
1214 1462 1385 1543 gloriosam

218 1544 407 1625 Ecclesiam,
442 1565 505 1611 non
534 1545 704 1611 habentem
726 1545 899 1624 maculam,
937 1554 993 1612 aut
1024 1567 1150 1629 rugam,
1186 1555 1242 1613 aut
1265 1550 1385 1631 aliquid

218 1633 405 1714 hujusmodi,
429 1635 484 1698 sed
507 1640 544 1698 ut
567 1635 610 1698 sit
625 1640 736 1698 sancta
752 1639 785 1698 et
799 1634 1047 1712 immaculata1)
1082 1637 1204 1701 Idcirco
1227 1637 1385 1718 ducemne,

217 1720 392 1786 Ecclesiam
415 1740 478 1786 non
502 1721 633 1788 liberam
649 1723 834 1787 societatem
858 1741 937 1803 esse,
960 1726 1050 1801 quasi
1074 1722 1253 1789 indifferens
1277 1726 1319 1790 sit
1342 1727 1384 1790 ad

217 1808 363 1888 salutem,
389 1828 458 1874 eam
481 1811 547 1875 sive
570 1827 664 1875 nosse
686 1810 752 1874 sive
774 1811 937 1891 ignorare,
962 1814 1028 1876 sive
1050 1812 1175 1893 ingredi
1199 1814 1265 1878 sive
1288 1814 1384 1878 reliu-

217 1916 327 1979 quere;
350 1897 407 1961 sed
430 1915 499 1962 esse
522 1899 648 1963 omuino
664 1898 883 1976 necessariam,
909 1908 941 1962 et
956 1900 1084 1979 quidem
1107 1901 1299 1972 necessitate
1321 1922 1382 1966 nou

216 1991 340 2049 tantum
362 1986 525 2067 praecepti
548 1985 706 2064 dominici,
731 2004 792 2066 quo
816 1984 963 2050 Salvator
979 1989 1121 2052 omnibus
1143 1990 1290 2069 gentibus
1313 2007 1380 2053 eam

214 2073 456 2154 ingrediendam
479 2074 698 2155 praescripsit3
723 2092 832 2138 verum
849 2076 947 2138 etiam
963 2075 1068 2155 medii,
1092 2077 1166 2156 quia
1187 2077 1220 2140 in
1235 2077 1380 2141 instituto

215 2161 365 2226 salutaris
389 2162 608 2243 providentiae
631 2161 743 2226 ordine
759 2163 999 2228 communicatio
1023 2165 1124 2228 sancti
1140 2163 1286 2245 Spiritus,
1311 2183 1383 2246 par-

215 2249 359 2330 ticipatio
383 2251 526 2314 veritatis
558 2254 590 2314 et
618 2250 704 2313 vitae
731 2267 794 2313 non
824 2249 1002 2331 obtinetur,
1036 2252 1098 2314 nisi
1131 2252 1164 2315 in
1186 2252 1327 2317 Ecclesia
1351 2258 1385 2317 et

214 2356 270 2418 per
291 2337 476 2418 Ecclesiam,
501 2337 589 2418 cujus
613 2342 707 2417 caput
731 2342 779 2400 est
804 2334 958 2402 Christus.

683 2580 819 2645 CAPUT
843 2581 912 2646 VII.

415 2722 524 2785 Extra
547 2720 725 2786 Ecclesiam
749 2721 1054 2787 sodomamaciem
1072 2743 1176 2803 posse.

318 2865 416 2928 Porro
440 2862 556 2945 dogma
579 2860 651 2926 fidei
675 2866 738 2942 est,
770 2868 861 2926 extra
884 2861 1059 2927 Ecclesiam
1082 2862 1200 2928 salvari
1222 2865 1380 2930 neminem

210 2960 338 3033 posse'
364 2950 473 3031 Neque
502 2956 622 3026 tamen,
654 2949 709 3030 qui
737 2950 823 3014 circa
851 2949 1011 3015 Christum
1042 2952 1171 3032 eJ'usque
1202 2950 1381 3018 Ecclesiam

211 3039 385 3104 invincibili
407 3038 587 3120 ignorantia
609 3037 765 3114 laborant,
788 3045 919 3120 propter
935 3039 1017 3103 hanc
1038 3039 1252 3120 ignorantiam
1268 3043 1380 3121 poenis

211 3128 350 3192 aeternis
373 3127 542 3191 damnandi
568 3130 660 3203 sunt,
698 3144 768 3189 cum
798 3126 885 3189 nulla
915 3127 1156 3207 obstringamur
1180 3127 1311 3208 hujusce
1334 3133 1388 3204 rei.

211 3215 302 3297 culpa
326 3220 400 3279 ante
424 3214 531 3279 oculos
554 3213 691 3293 Domini,
717 3215 770 3293 qui
792 3213 862 3278 vult
886 3232 994 3278 omnes
1017 3214 1159 3278 homines
1183 3215 1286 3280 salvos
1310 3215 1380 3282 fieri

210 3309 244 3368 et
266 3304 308 3368 ad
331 3303 524 3384 agnitionem
546 3301 690 3366 veritatis
715 3303 837 3378 venire,
867 3302 982 3382 quique
1011 3300 1140 3366 facienti
1171 3304 1256 3383 quod
1287 3306 1321 3368 iu
1345 3324 1380 3371 se

210 3398 260 3456 est
282 3409 345 3455 non
369 3392 507 3471 denegat
529 3390 674 3471 gratiam,
699 3393 736 3452 ut
753 3387 1015 3471 justificationem
1038 3394 1070 3454 et
1092 3391 1191 3454 vitam
1213 3399 1378 3458 aeternam

210 3479 360 3559 consequi
381 3479 498 3559 possit:
522 3477 577 3541 sed
599 3477 681 3540 hauc
703 3477 808 3541 nullus
825 3479 1037 3557 consequitur,
1060 3478 1114 3558 qui
1130 3496 1149 3541 a
1164 3475 1238 3543 fidei
1255 3482 1378 3546 unitate

208 3567 260 3632 vel
283 3569 323 3631 ab
346 3565 507 3631 Ecclesiae
531 3565 748 3630 communione
772 3564 974 3646 culpabiliter
996 3565 1158 3646 sejunctus
1183 3585 1220 3630 ex
1235 3567 1297 3633 hac
1311 3567 1378 3634 vita

209 3655 344 3720 decedit.
390 3653 424 3717 si
447 3653 517 3734 quis
540 3653 573 3716 iu
596 3653 656 3717 hac
680 3671 755 3717 arca
777 3670 841 3717 nou
863 3650 975 3732 fuerit,
1006 3654 1122 3734 peribit
1145 3660 1300 3737 regnante
1331 3658 1377 3722 di-

207 3742 301 3809 luvio.
349 3742 454 3820 Quare
477 3740 682 3824 reprobamus
706 3745 739 3805 et
762 3740 958 3805 detestamur
979 3743 1107 3824 impiam
1133 3761 1234 3823 aeque
1258 3762 1294 3808 ac
1317 3746 1378 3826 ipsi

207 3831 323 3895 rationi
345 3836 575 3912 repugnantem
599 3829 638 3894 de
662 3828 849 3910 religionum
872 3827 1086 3895 indifferentia
1102 3831 1288 3911 doctrinam,
1313 3851 1377 3913 qua

208 3917 265 3983 filii
286 3918 381 4002 hujus
397 3917 524 3994 saeculi,
547 3918 692 3981 veritatis
709 3923 741 3980 et
757 3917 874 3981 erroris
891 3917 1015 3982 sublato
1040 3918 1230 3997 discrimine,
1255 3920 1374 3999 dicunt,

208 4008 351 4071 omnibus
374 4010 524 4070 aeternae
547 4006 632 4070 vitae
663 4008 789 4085 portum
825 4023 862 4067 ex
892 4006 1033 4085 qualibet
1061 4005 1215 4087 religione
1246 4013 1375 4088 patere;

207 4101 263 4159 aut
287 4094 498 4172 contendunt,
534 4093 573 4157 de
606 4094 743 4158 veritate
773 4090 934 4173 religionis
963 4093 1126 4174 opiniones
1153 4099 1278 4159 tantum
1303 4096 1374 4177 plus

207 4183 350 4246 minusve
384 4180 582 4263 probabileS,
620 4199 685 4244 uon
718 4184 825 4243 autem
863 4181 1084 4245 certitudinem
1117 4181 1228 4246 haberi
1269 4201 1373 4265 posse.

316 4359 341 4428 ¹)¹
358 4357 398 4411 cf.
418 4372 459 4424 ep.
479 4354 514 4408 ad
533 4354 636 4422 Ephes.
656 4350 689 4406 V.
709 4354 750 4406 29.
771 4361 799 4406 et
816 4353 860 4410 25.
881 4357 922 4408 27.
