2872 4874
449 312 487 359 nr
509 311 608 359 nanus
630 310 818 361 noemmcrs.
1171 300 1216 361 ts

34 453 207 527 rentinum
222 470 359 534 quoque,
384 451 473 532 cnjus
489 470 529 518 ea
544 451 584 515 de
599 469 634 516 re
658 453 818 516 decretum
834 452 866 515 in
882 452 1003 517 cunctis
1017 452 1212 534 singulisque

36 560 78 607 eo
103 541 253 606 sanctius
280 546 485 605 conservetur
508 544 642 620 oportet,
676 541 825 620 quoniam
848 539 1010 605 Ecclesiae
1037 538 1157 604 latinae
1180 547 1213 603 et

40 647 183 706 graecae
206 645 363 692 consensu
385 626 559 693 stabilitum
576 633 633 702 est,
657 633 752 706 atque
776 627 803 690 si
821 627 972 690 Dominus
994 626 1035 691 ad
1057 629 1211 693 orientem

40 724 91 780 tot
115 716 209 779 malis
232 733 418 796 oppressum
447 713 681 780 misericordiae
711 732 787 778 suae
811 715 916 779 oculos
939 722 1120 780 convertere
1144 715 1212 794 dig·

43 810 150 882 netur,
185 804 312 868 unionis
335 803 550 867 restituendae
575 801 814 866 irrndamentum
838 804 907 867 erit.
963 803 1103 871 Accedit.
1127 802 1212 882 quod

46 893 106 956 bac
130 897 321 971 tempestate
344 889 506 955 Ecclesiae
536 890 689 954 adversus
712 908 775 959 eos.
804 891 857 971 qui
880 893 913 955 in
935 889 1118 971 religionem
1140 897 1211 954 tan-

48 998 139 1059 quam
163 985 377 1044 commentum
407 977 546 1042 humano
574 979 682 1058 generi
706 978 832 1041 exitiale
863 986 1067 1060 consurgunt,
1102 997 1211 1060 pugna

51 1066 236 1131 sustinenda
259 1067 301 1130 sit
323 1084 405 1130 nova
428 1072 461 1129 et
484 1085 503 1129 a
525 1065 661 1130 saeculis
684 1065 844 1129 inaudita:
868 1071 1062 1147 quapropter
1084 1066 1210 1129 minime

53 1154 227 1220 consultum
242 1154 368 1218 videtur
382 1152 506 1234 populis
529 1152 691 1218 catholicis
705 1159 755 1216 tot
770 1153 908 1233 undique
923 1153 1210 1219 machinationibus

54 1241 315 1306 intentationem
345 1240 483 1305 inductis
514 1240 643 1320 majora,
678 1259 773 1321 quam
797 1240 909 1305 Patres
933 1241 1118 1321 Tridentini,
1152 1242 1210 1306 im·

57 1346 175 1408 ponera

153 1431 303 1506 Ceterum
332 1439 427 1514 prout
450 1451 520 1497 cum
552 1433 636 1496 omni
660 1433 800 1496 Ecclesia
824 1433 979 1497 catholica
1000 1432 1212 1497 Bellarminus

60 1519 176 1585 effatur:
214 1519 432 1599 ,definitiones
456 1522 495 1584 de
528 1518 589 1583 fide
612 1520 751 1600 pendent
780 1521 949 1601 praecipue
981 1539 1019 1584 ex
1042 1521 1212 1585 traditione

61 1609 222 1689 apostolica
243 1615 279 1673 et
303 1626 456 1673 consensu
479 1607 714 1673 Eccleslarum“
742 1616 774 1672 et
797 1610 941 1689 quamvis
964 1609 1003 1672 ad
1027 1609 1125 1672 totius
1148 1608 1210 1672 Ec·

62 1695 164 1761 clesiae
175 1696 368 1761 sententiam
383 1695 631 1778 cognoscendam
641 1695 785 1777 Synodus
795 1696 981 1760 universalis
994 1695 1211 1760 brevissimam

65 1785 287 1861 demetriam,
311 1790 419 1848 tamen
443 1802 462 1847 a
485 1783 678 1849 nobilissimo
694 1781 841 1855 Concilio,
865 1784 950 1863 quod
974 1782 1118 1863 Apostoli
1141 1802 1211 1848 cum

69 1872 223 1936 senioribus
259 1871 485 1952 Hierosolymis
515 1871 706 1948 habuerunt,
746 1869 919 1935 Nicaenum
954 1888 1054 1950 usque
1087 1890 1211 1936 errores

72 1959 205 2024 numneri
234 1958 451 2024 Ecclesiarum
477 1959 716 2040 particularium
749 1959 875 2041 judiciis
899 1957 1021 2023 Summi
1043 1956 1206 2022 Pontificis

79 2052 100 2105 et
112 2048 201 2111 totius
229 2046 390 2111 Ecclesiae
421 2064 576 2111 consensu
609 2046 793 2127 adprobatis
825 2044 985 2128 profligati
1017 2050 1049 2109 et
1080 2046 1213 2110 extincti

79 2140 132 2199 sunt.
188 2135 358 2198 Indubium
386 2141 444 2210 est,
478 2135 562 2215 quod
589 2151 697 2198 omnes
725 2132 843 2198 Christi
872 2132 980 2198 fideles
1011 2132 1102 2197 Sedis
1125 2133 1209 2214 Apo-

75 2219 175 2288 tobcae
201 2222 339 2287 decretis
361 2240 469 2286 veram
500 2222 712 2286 obedientiam
735 2223 879 2286 debeant.
938 2221 1071 2301 Insuper
1094 2220 1211 2309 eruditi

70 2307 152 2390 piique
174 2311 235 2374 viri
259 2310 386 2374 docent:
411 2328 492 2390 quae
515 2308 544 2374 S.
561 2308 648 2374 Petri
670 2309 841 2374 Successor
863 2309 901 2373 dc
924 2308 985 2373 fide
1008 2309 1209 2389 moribusque

10 2430 12 2439 =
70 2411 96 2457 er
114 2397 260 2462 cathedra
282 2397 414 2478 loquens
430 2398 614 2475 constituat,
640 2398 735 2462 etiam
758 2397 878 2479 absque
894 2396 1111 2462 Ecclesiarum
1136 2416 1209 2460 con-

69 2498 142 2549 sensu
163 2486 457 2566 quomodocumque
473 2485 688 2550 demonstrato
711 2485 934 2566 irrefragibilia
950 2503 1028 2549 esse.
1059 2487 1212 2549 Attamen

69 2568 171 2638 silentio
198 2591 340 2655 premere
369 2572 539 2650 nonlicet,
574 2591 687 2655 graves
710 2573 910 2637 nihilominus
941 2590 1106 2654 superesse
1129 2570 1208 2636 diffi-

68 2656 181 2724 cultates
203 2679 242 2725 ex
259 2659 390 2724 Patrum
406 2659 566 2724 Ecclesiae
590 2660 682 2724 dictis
698 2661 867 2741 gestisque,
891 2660 1035 2740 genuinis
1057 2660 1209 2724 historiae

67 2743 244 2813 documentis
268 2757 300 2811 et
323 2749 394 2827 ipsa
417 2749 562 2812 doctrina
584 2747 739 2812 catholica
760 2755 881 2824 enatus,
905 2767 985 2829 quae
1008 2749 1068 2812 nisi
1083 2749 1209 2828 penitus

66 2831 169 2900 solatae
192 2834 321 2914 fuerint,
344 2853 543 2917 nequaquam
565 2834 633 2899 fieri
663 2840 779 2916 posset,
813 2841 849 2899 ut
871 2835 1017 2899 doctrina
1040 2836 1211 2915 praedictis

65 2916 158 2987 litteris
182 2923 404 2988 commendata
426 2922 541 3005 populo
566 2922 736 2987 christiano
760 2929 911 3004 tanquam
936 2941 955 2986 a
978 2923 1044 2987 Deo
1068 2923 1209 2988 revelata

65 3016 283 3090 proponeretur.
341 3012 460 3074 Verum
485 3011 524 3074 ab
548 3010 634 3075 hisee
665 3011 867 3075 discutiendis
891 3009 1008 3091 refugit
1030 3011 1153 3075 animus
1177 3017 1209 3076 et

64 3111 93 3160 nc
111 3099 262 3180 ejusmodi
285 3099 548 3163 deliberationum
579 3100 751 3163 necessitas
774 3098 865 3163 nobis
888 3099 1078 3179 imponatur,
1114 3099 1209 3162 bene-

64 3181 201 3251 velentiae
225 3186 312 3250 Tuae
336 3185 531 3251 confidentes
555 3184 745 3269 flagitamus.

149 3309 324 3374 Praeterea
346 3327 417 3374 cum
440 3309 523 3373 inter
553 3310 692 3390 potiores
716 3310 861 3373 nationes
885 3307 1056 3373 catholicas
1079 3327 1208 3374 munere

62 3395 405 3477 episcopalifungimur,
434 3415 539 3460 rerum
563 3397 647 3478 apud
676 3414 729 3459 eas
753 3402 872 3461 statum
898 3396 1080 3477 quotidiano
1106 3398 1212 3462 nosci-¹

61 3496 115 3547 nus
136 3503 210 3568 usu3
245 3485 335 3549 nobis
358 3490 465 3548 autem
488 3490 622 3561 constat,
658 3482 881 3562 definitionem,
913 3502 995 3565 quae
1017 3483 1206 3564 postulatur,

60 3567 204 3652 religionis
228 3572 363 3636 inimicis
386 3590 468 3636 nova
491 3571 765 3653 suppeditaturam
788 3590 877 3635 arma
899 3572 941 3635 ad
964 3572 1009 3635 rci
1033 3570 1207 3635 catholicae

59 3656 139 3722 etiam
162 3660 248 3740 apud
271 3660 409 3723 melioris
432 3667 527 3723 notae
543 3661 626 3723 viros
649 3659 799 3724 invidiam
816 3658 1042 3737 concitandam,
1067 3659 1213 3738 certique-

58 3757 152 3812 sumus
181 3765 248 3811 rem
279 3748 311 3810 in
340 3745 471 3827 Europa
499 3746 612 3811 saltem
640 3747 804 3828 regionum
834 3752 1016 3810 nostrarum
1048 3746 1208 3826 guberniis

18 3884 23 3901 ‚
57 3846 151 3898 ansam
174 3835 392 3916 praebituram
416 3836 482 3899 sive
512 3838 712 3916 praetextum
735 3835 766 3897 in
798 3835 872 3915 jura
895 3833 1057 3899 Ecclesiae
1080 3833 1208 3897 residua

56 3917 220 3986 invadendi.

122 4041 236 4110 Haec
258 4044 428 4109 Sanctitati
450 4044 537 4107 Tuae
568 4062 615 4124 ea,
647 4062 741 4125 quam
773 4045 929 4109 communi
960 4043 1095 4107 fidelium
1121 4045 1207 4122 patri

56 4125 201 4212 debemus,
238 4133 423 4197 sinceritate
448 4133 648 4212 exposuimus
678 4138 711 4197 et
732 4131 810 4211 Tuo,
845 4150 1024 4213 precamur,
1057 4130 1209 4194 mandato

55 4213 109 4299 fiat,
131 4225 167 4284 ut
188 4221 345 4297 doctrina,
368 4220 459 4302 cujus
483 4221 679 4285 sanctionem
701 4226 823 4301 petunt,
841 4218 979 4285 Concilio
1003 4219 1210 4284 oecumenico

56 4301 240 4374 discutienda
262 4307 348 4373 haud
370 4312 578 4390 proponatur.
