2872 4874
501 125 541 174 nr
563 125 744 175 ursmmrm.
1141 113 1202 176 193
1231 103 1239 120 ‘

148 265 190 335 IL
212 265 348 347 Quodsi
368 264 449 333 hacc
462 284 554 333 sacro
569 263 710 333 Concilio
727 267 831 331 minus
846 268 1012 333 convenire
1027 267 1202 347 rideantur,

64 358 130 435 pcto,
149 359 187 421 ut
206 352 322 421 sutem
347 353 450 436 pruno
477 352 608 419 concilio
630 352 817 419 Provinciali
847 359 920 435 post
946 359 1131 436 pascentem
1153 373 1203 437 sp·

63 439 161 507 nolum
181 440 328 507 babendo
350 442 576 521 committatur,
607 446 643 506 ut
667 439 797 506 definiat
827 447 861 506 et
897 447 1035 522 statuat,
1066 446 1148 524 quae
1170 445 1203 509 in

64 526 179 595 Domino
211 530 243 594 in
275 527 337 594 bac
370 547 407 594 re
428 529 530 610 magis
559 528 707 610 expedire
741 530 872 601 noverit,
907 531 1016 611 poenis
1050 528 1202 595 ferendae

65 616 218 683 smtendm
239 617 408 699 propositis
430 617 464 681 in
494 635 559 695 eos,
590 618 654 698 qui,
684 616 828 697 legitima
857 635 955 683 causa
982 618 1023 685 ab
1046 617 1203 699 Episcopo

68 705 173 786 comta
194 710 228 770 et
242 703 420 786 approbata
439 722 501 769 non
524 705 673 783 excusati,
698 702 924 769 contessionem
939 705 1202 771 sacramentalem

67 788 132 857 ultra
151 792 301 859 bimestre
323 793 605 873 procrastinantur.

149 878 301 961 Denique,
334 878 523 946 BeatIssirue
545 882 651 959 Pater,
680 880 896 960 Apostolicam
927 880 1028 946 Tuam
1057 881 1201 947 benedic.-

71 965 161 1032 t‘onem
183 971 316 1051 supplex
338 967 481 1049 imploro.

148 1106 267 1172 Romae
292 1111 321 1173 8.
346 1106 456 1172 Martii
481 1110 575 1172 1870.

549 1348 560 1353 -
575 1348 603 1354 ..-
614 1347 665 1354 --,-.-
680 1347 726 1354 ..-η

517 1363 520 1367 .
535 1360 556 1367 --
569 1358 726 1368 ἠὼ-.

272 1541 324 1625 13.
352 1539 617 1626 PRCPCSITIC
646 1539 752 1624 SIVE
781 1539 967 1624 scarus

73 1712 156 1793 teon
184 1717 269 1784 PRO
300 1717 497 1784 IUVANDA
526 1713 763 1782 DISCIPLINA
791 1714 917 1781 CLERI
944 1715 1127 1784 EXAMINI
1150 1720 1203 1785 nr

86 1818 226 1889 liblero
249 1820 714 1887 REVERENDISSIMCRUM
742 1820 915 1887 PATRUM
938 1820 1180 1891 CONGREGA·

142 1924 284 1995 'IIONIS
308 1926 577 1993 DESIGNATAE
605 1924 890 1993 REVERENTER
913 1918 1097 1992 EXPONIT

353 2031 582 2097 EPISCCPUS
606 2030 889 2099 ALBINGANEN.

144 2188 305 2256 Diuturna
321 2191 480 2273 regiminis
494 2190 664 2272 pastoralis
680 2191 874 2272 experientia
886 2208 937 2256 me
953 2190 1087 2271 edocuit,
1104 2190 1202 2276 (quod

61 2274 148 2345 formu
169 2276 279 2363 plures
294 2276 457 2344 EcclesIae
473 2276 643 2344 antistites
666 2296 701 2344 se
717 2286 864 2362 expertos
880 2276 977 2344 fuisse
992 2276 1200 2367 fatebuntur),

60 2362 229 2433 Sacerdotes
253 2368 308 2448 qui
331 2365 373 2431 ad
395 2366 523 2431 titulum
552 2366 601 2431 sui
622 2367 821 2447 patrimonii,
852 2366 903 2432 vel
933 2367 1082 2457 simplicis
1109 2367 1203 2434 bene·

59 2448 107 2521 Icli
127 2454 324 2535 ordinantur,
348 2455 462 2536 quique
484 2452 607 2521 nullum
638 2460 802 2519 assumunt
831 2470 961 2535 munuc,
989 2472 1092 2536 neque
1112 2473 1204 2537 paro·

58 2540 151 2623 ciale,
173 2558 278 2625 neque
301 2541 523 2608 scholasticum
545 2542 578 2605 in
593 2540 775 2607 Seminariis
797 2540 848 2607 vel
864 2538 1021 2625 collegiis,
1046 2548 1103 2608 aut
1117 2542 1204 2609 alidd

57 2630 125 2710 pud
147 2648 202 2697 eos
224 2628 432 2695 habitualitcr
454 2635 622 2711 occupatos
646 2628 800 2711 detineat,
835 2628 997 2696 Ecclesiae
1021 2636 1058 2696 et
1086 2630 1216 2715 populo

57 2713 128 2785 fideli
148 2736 251 2800 paene
269 2717 411 2798 inutsses,
439 2718 503 2782 imo
525 2719 651 2798 saepius
674 2717 783 2782 noxios
804 2716 912 2799 plures
935 2735 973 2782 ex
994 2719 1034 2782 iis
1057 2719 1202 2799 existere,

56 2808 153 2887 upote
186 2806 242 2888 qui
275 2810 403 2887 torpent
437 2806 517 2884 otio,
554 2804 604 2869 vel
636 2804 852 2870 saecularibus
885 2805 970 2870 curis
1000 2822 1039 2871 ac
1068 2806 1203 2889 negotiis

57 2890 196 2975 implicati
229 2893 326 2958 vitam
361 2899 460 2975 agunt
494 2893 706 2958 ecclesIastico
738 2898 826 2957 statu
856 2891 1017 2974 indignam
1047 2911 1106 2957 nec
1136 2896 1204 2959 sine

57 2977 201 3047 Ecclesiae
231 2998 268 3046 ac
295 2979 379 3046 Cleri
410 2980 577 3060 dedecore,
612 2998 649 3045 ac
679 2978 818 3046 fidelium
849 2982 1140 3046 obmurmuratione
1171 2988 1204 3048 et

59 3068 198 3136 murato.

147 3157 236 3223 Haec
258 3154 420 3222 Ecclesiae
449 3156 546 3238 plaga
573 3174 636 3220 non
664 3152 836 3236 effugiebat
856 3154 1058 3221 Tridentinus
1081 3156 1203 3236 Patres,

60 3242 253 3318 suadeam
277 3243 482 3310 avertendam
504 3243 634 3324 provide
658 3243 849 3322 sanciebant,
874 3248 910 3307 ut
931 3243 1037 3309 nullus
1061 3242 1203 3310 Clericus

62 3326 242 3397 adtitulum
276 3333 327 3397 sui
360 3332 542 3413 patrimonii
574 3331 713 3396 ordinari
746 3336 855 3412 posset
888 3332 950 3396 nisi
984 3331 1024 3396 ab
1046 3331 1204 3414 Episcopo

62 3414 133 3482 lb'lis
152 3437 230 3485 suae
251 3419 414 3485 Ecclesiae
433 3419 639 3501 jndicaretur.

150 3508 265 3574 Verum
298 3525 392 3588 quam
424 3506 523 3572 latam
555 3507 848 3586 interpretationem
882 3506 960 3571 haec
996 3505 1205 3571 saluberrima

63 3594 241 3664 tundenda
262 3613 359 3677 passa
381 3596 431 3674 sit,
456 3596 612 3660 neminem
636 3600 777 3658 vestrum
799 3593 896 3660 latet:
932 3613 969 3660 ac
991 3593 1064 3659 inde
1086 3591 1205 3659 factum

64 3679 275 3748 mundares
298 3683 493 3764 temporibus
528 3689 564 3747 ut
592 3680 697 3746 nullus
721 3681 862 3746 Clericus
893 3682 932 3746 ab
967 3680 1128 3745 ordinibus
1152 3698 1205 3745 crr-

64 3759 190 3835 deatur
213 3770 267 3851 qui
291 3770 333 3835 ad
354 3770 482 3835 titulum
505 3771 684 3852 patrimonii
706 3769 884 3850 promoveri
907 3768 1056 3850 postulet.

149 3857 322 3924 Occasi0ne
348 3860 467 3939 itaque¹
486 3858 580 3940 huJ'us
604 3856 769 3922 Generalis
793 3855 922 3921 Concilii
952 3874 1023 3921 curu
1046 3853 1205 3920 Sanctitas

64 3927 117 4003 3¹1³
136 3943 267 4028 dignata
289 3948 332 4010 sib
354 3945 516 4025 indulgere
539 3947 602 4009 imo
626 3951 736 4025 optare
759 3965 796 4009 cc
824 3943 956 4021 berturi,
981 3948 1017 4006 ut
1043 3943 1097 4023 qui
1123 3944 1206 4007 Inter

61 4013 156 4098 Patres
179 4034 298 4114 aliquid
321 4035 559 4115 proponendum
581 4033 728 4098 habuerit
756 4031 841 4112 quod
870 4031 911 4095 ad
940 4029 1099 4110 publicam
1122 4030 1205 4096 utili·

62 4108 147 4185 atem
169 4119 313 4189 conferre
336 4139 430 4204 posse
454 4121 626 4199 existimet,
661 4121 697 4184 id
720 4119 815 4185 libere
839 4119 950 4201 exequi
979 4117 1100 4198 soleam
1131 4118 1205 4184 sub·

35 4287 40 4294 ,
103 4233 217 4294 Eartin,
232 4242 387 4284 Documenta.
1066 4225 1099 4275 13

1319 4294 1356 4384 A
