2872 4874
138 326 199 387 138
499 339 656 388 sensuam
680 338 939 388 cousrrrurronou

136 481 287 544 mandent
309 484 380 543 uta
395 478 550 543 similibus
573 479 606 542 in
629 484 793 560 posterum
817 479 1008 543 abstineant.
1054 477 1189 543 Omnem
1212 498 1300 560 prae·

135 574 224 633 terea
253 566 374 631 dabunt
403 584 533 648 operam
563 572 599 630 ut
628 584 710 647 quae
742 572 810 629 tum
839 585 859 629 a
882 565 1023 632 Concilio
1055 566 1243 632 Tridentino
1270 569 1299 631 in

136 657 273 720 Decreto
295 655 335 718 de
358 654 561 719 observandis
592 658 625 718 et
647 654 805 718 evitandis
837 654 870 717 in
893 654 1107 719 celebratione
1141 655 1269 733 Missae,
1278 657 1300 736 1)

132 749 205 807 tum
227 762 247 807 a
269 761 332 808 rec.
356 761 415 806 me.
447 741 619 806 Benedicta
642 741 725 806 XIV.
755 741 1003 806 Praedecessore
1026 741 1144 807 Nostro
1178 742 1300 807 Consti·

133 831 259 895 tutione
283 832 332 895 cui
354 830 481 893 initium
504 829 634 909 Quanta
656 831 768 911 carol)
797 830 919 894 sancita
950 836 1024 894 sunt
1046 847 1139 893 suum
1162 829 1300 895 debitum

133 924 372 999 consequantur·
394 914 549 996 effectum,
573 935 675 998 neque
697 916 792 981 ullius
814 915 935 996 fraude,
967 916 1103 995 malitia,
1129 918 1299 1000 cupiditate

132 1007 361 1088 impediantur.

241 1093 355 1157 Parem
370 1091 504 1173 denique
527 1110 634 1155 euram
651 1090 823 1157 adhibeant
845 1098 881 1156 ut
896 1092 977 1157 aliae
999 1110 1217 1173 quaecumque
1234 1095 1299 1175 piae

139 1181 358 1262 dispositiones
381 1185 447 1243 tam
470 1180 503 1243 in
532 1178 643 1243 ultima
672 1178 839 1244 voluntate
869 1199 964 1260 quam
998 1181 1082 1244 inter
1104 1181 1193 1246 vivos
1213 1181 1299 1261 juxta

135 1285 300 1332 sacrorum
332 1267 532 1351 Canonnmll
561 1273 594 1331 et
626 1265 758 1331 Concilii
788 1267 966 1332 Tridentini
975 1267 1003 1350 ⁴)
1035 1269 1299 1350 praescriptiones

133 1360 242 1449 sartae
265 1361 433 1436 tectaeque
456 1360 610 1437 perpetuo
633 1355 697 1418 sint
719 1373 757 1418 ac
779 1353 914 1420 fideliter
936 1355 1137 1437 impleantur.

590 1583 625 1664 6.
665 1580 854 1665 Sdlllllll

362 1739 429 1804 nn
464 1739 665 1806 arronis
700 1738 1081 1806 oanrranronrs

168 1897 170 1902 ·
245 1880 327 1957 Quia
358 1880 450 1945 bonis
481 1881 547 1944 suis
583 1880 810 1962 temporalibus
837 1879 984 1944 Ecclesia
1018 1879 1126 1943 multis
1161 1879 1195 1942 iu
1227 1879 1304 1944 locis

133 1967 250 2032 misere
281 1967 418 2050 spoliata
450 1968 564 2045 existit,
589 1969 672 2032 unde
696 1966 732 2032 fit
755 1973 791 2032 ut
818 1966 969 2032 beneficia
990 1985 1048 2050 pro
1075 1968 1170 2031 titulo
1194 1985 1304 2032 sacrae

136 2056 358 2122 ordinationis
389 2056 572 2137 plerumque
604 2054 766 2135 deficiant,
799 2062 832 2121 et
866 2074 961 2137 saepe
984 2057 1079 2119 etiam
1108 2056 1192 2119 alius
1216 2055 1304 2120 deest

135 2145 238 2208 sacris
262 2142 441 2208 Canonibus
464 2143 617 2224 probatus
639 2144 767 2222 titulus,
796 2161 859 2223 quo
882 2149 1032 2208 caveatur
1053 2162 1093 2207 ne
1115 2145 1171 2223 qui
1199 2143 1299 2207 divim

141 2232 314 2297 ministerio
339 2231 491 2312 adscripti
515 2237 589 2294 sunt
619 2249 690 2295 cum
719 2232 836 2296 ordinis
866 2231 1020 2296 dedecore
1043 2231 1227 2295 mendicare
1249 2235 1297 2295 aut

139 2319 301 2385 sordidum
324 2319 462 2399 aliquem
478 2323 643 2398 quaestum
659 2336 804 2383 exercere
820 2324 993 2401 cogantur,
1017 2318 1132 2383 idcirco
1157 2319 1298 2383 ecclesia·

132 2407 233 2471 sticas
248 2406 308 2470 hac
323 2423 419 2487 super
434 2424 468 2469 re
483 2406 660 2469 sanctiones
675 2411 864 2487 temperare,
887 2413 920 2471 et
937 2407 978 2471 ad
992 2410 1177 2486 praesentes
1194 2424 1295 2471 rerum

133 2513 176 2559 aa
208 2500 388 2574 temporum
421 2493 674 2557 circumstantias
713 2495 952 2558 accommodare
985 2511 1113 2558 neeesse
1150 2494 1297 2559 ducimus.

137 2582 260 2662 ltaque,
286 2598 376 2645 sacro
408 2580 604 2661 approbante
635 2577 788 2659 Concilio,
821 2581 1035 2660 deceruimus,
1066 2581 1159 2645 utin
1190 2581 1298 2662 quibus

139 2668 342 2733 Dioecesibus
365 2686 466 2749 neque
490 2666 650 2732 sufficiens
672 2667 896 2734 beneficiorum
919 2674 975 2734 aut
994 2670 1184 2750 pensionum
1207 2668 1299 2733 ecclc·

134 2757 336 2820 siasticarum
359 2773 510 2821 numerus
534 2760 598 2834 est,
629 2774 730 2836 neque
753 2756 932 2837 patrimonii
959 2756 1071 2821 titulus
1094 2757 1231 2821 servatis
1255 2765 1298 2820 st·

139 2861 265 2909 crorum
282 2842 444 2908 Canopum
466 2844 769 2925 praescriptionibus
789 2845 938 2909 constitui
960 2849 1076 2926 potest,
1099 2843 1195 2915 liceat
1210 2843 1300 2924 Epis

135 2932 226 3012 copis
248 2949 303 2996 eos
335 2948 413 3010 quos
447 2949 505 3013 pro
533 2933 724 2996 necessitate
758 2932 808 2995 vel
840 2932 1063 2997 commoditate
1085 2931 1302 2996 Ecclesiarum

40 3044 41 3049 ¹
135 3036 268 3083 suarum
284 3020 488 3084 assumendos
500 3019 720 3101 judicaverint,
746 3019 893 3084 ordinare
914 3019 1008 3084 titulo
1023 3020 1208 3100 patrimonii
1230 3037 1302 3101 pru·

139 3107 225 3172 denti
247 3106 387 3187 ipsorum
407 3106 524 3186 judicio
547 3107 688 3189 congrui,
717 3110 750 3170 et
771 3108 884 3188 majmi
906 3124 970 3187 qua
992 3104 1062 3170 fieri
1084 3110 1190 3190 potest
1213 3124 1303 3172 secu-

138 3195 234 3259 ritate
259 3194 490 3273 constituendi3
518 3200 552 3258 et
582 3195 609 3258 si
634 3212 690 3258 nec
718 3193 765 3258 ita
793 3195 1018 3275 patrimonium
1049 3193 1159 3258 haberi
1191 3195 1301 3274 possit,

133 3282 266 3347 eosdem
301 3280 451 3363 Episcopi
484 3281 630 3346 ordinent
665 3281 757 3345 titulo
789 3282 909 3346 servitii
942 3299 1019 3345 suae
1053 3282 1213 3346 Dioecesis
1246 3299 1303 3346 seu

138 3369 310 3449 Ecclesiae,
334 3368 428 3433 etde
452 3367 665 3434 ecclesiastico
699 3367 800 3433 officio
828 3368 1031 3449 provideant,
1066 3387 1128 3449 quo
1152 3369 1304 3434 decenter

138 3459 311 3522 sustentari
334 3457 471 3521 valeant.
517 3455 637 3521 Carent
660 3462 768 3520 autem
784 3455 933 3537 Episcopi
956 3458 1021 3520 sive
1044 3475 1100 3537 per
1124 3455 1304 3522 oblationes

133 3543 287 3626 fidelium,
310 3562 444 3625 quorum
458 3562 536 3626 erga
557 3543 732 3609 Ecclesiam
747 3545 850 3625 pietas
873 3562 945 3608 eum
967 3546 1001 3608 in
1021 3542 1116 3608 finem
1131 3544 1304 3610 excitanda

138 3634 210 3712 erit,
234 3634 301 3696 sive
323 3649 381 3713 per
404 3631 467 3695 alia
488 3640 546 3714 pro
569 3631 709 3696 locorum
728 3633 966 3713 opportunitate
989 3632 1206 3713 comparanda
1230 3631 1304 3697 sub-

136 3720 220 3785 sidia
242 3719 274 3784 id
298 3718 435 3799 efficere,
459 3724 496 3784 ut
519 3725 551 3784 et
572 3720 601 3784 is
630 3719 788 3784 habeatur
818 3737 981 3796 sacrorum
1003 3721 1221 3786 ministrorum
1244 3738 1304 3784 nu-

138 3825 245 3873 merus
268 3825 360 3889 quem
383 3806 445 3872 Dei
477 3807 580 3872 cultus
608 3826 645 3872 ac
668 3805 807 3871 fidelium
838 3826 914 3873 cura
944 3807 1100 3889 postulat,
1134 3812 1304 3873 eteorum

134 3896 193 3976 oui
215 3895 360 3976 indigent
381 3894 487 3977 inopia
509 3894 667 3960 sublevari
689 3899 794 3976 queat.

248 4050 267 4119 ¹)
286 4050 358 4106 Saso.
377 4051 466 4109 XXII.
504 4052 528 4132 ξ)
547 4055 590 4108 30.
608 4051 684 4105 Junii
704 4052 780 4104 1741.
912 4119 917 4130 ⁸

247 4119 269 4190 ⁸)
288 4121 355 4189 (lap.
385 4119 447 4175 Noa
465 4122 572 4190 quadem
595 4120 638 4175 De
656 4127 766 4175 testam.
797 4119 863 4188 Cap.
885 4117 916 4173 Sa
934 4119 1063 4174 haeredes
1088 4125 1117 4174 et
1140 4117 1207 4187 Cap.
1239 4119 1303 4174 Tua

27 4233 31 4240 .
134 4189 228 4244 Nobis
247 4191 305 4245 eod.
325 4191 369 4247 tit.

246 4263 268 4330 ⁴)
287 4261 360 4316 Sese.
379 4261 468 4315 XXII.
487 4277 547 4329 cap.
565 4264 583 4313 Β
601 4265 629 4314 et
647 4262 672 4314 9.
692 4258 725 4314 de
743 4223 862 4314 Reform.

627 4417 821 4442 ...qm-.-
