2872 4874
554 320 594 365 ou
617 320 832 366 summamus.
1217 308 1281 371 233

119 459 250 541 eligant,
286 461 318 524 in
348 478 411 540 qua
441 458 506 523 vita
529 457 669 540 perfecta
691 459 865 524 communis
900 463 1062 540 servatur;
1098 460 1146 524 sin
1178 461 1282 525 minus
1372 480 1376 487 ’

119 544 315 612 Conventum
338 546 529 612 Novitiatus.
569 545 677 610 Etiam
700 544 899 623 Definimres,
924 564 980 610 seu
1002 547 1207 625 AssistenteS,
1231 548 1282 612 vel

121 632 296 699 Consiliarii
326 639 392 699 tam
418 633 607 710 Generales,
640 653 734 715 quam
758 634 988 714 Provinciales,
1021 636 1054 699 in
1076 635 1281 700 conventibus

122 723 202 788 vitae
235 721 397 804 perfectae
430 723 605 787 communis
634 723 752 787 ntorari
785 722 932 788 debeant.
987 724 1105 788 Omnes
1139 723 1285 805 religiosi-

122 811 214 875 etiam
236 817 333 875 antea
355 808 496 891 professi,
528 811 583 891 qui
605 810 639 873 in
661 810 806 875 omnibus
829 811 1005 875 enunciatis
1028 810 1174 876 domibus
1196 828 1284 876 eom-r

126 902 290 978 morantur,
313 916 385 962 eam
407 899 532 962 omnino
555 915 683 962 servare
704 902 884 964 teneantur.
931 897 1030 963 Nemo
1053 898 1185 979 proinde
1207 897 1282 963 reli·

127 985 277 1064 giosorum
310 986 352 1049 ad
384 984 564 1067 Superioris
599 985 763 1051 Generalis
799 988 926 1062 munus,
961 985 1014 1050 vel
1047 987 1088 1050 ad
1115 986 1209 1051 aliam
1241 1004 1282 1051 er

128 1073 290 1154 majoribus
312 1075 533 1154 quoquomodo
548 1073 738 1153 nuncupatis
760 1073 810 1136 sui
825 1072 953 1138 Ordinis
976 1074 1184 1154 dignitatibus
1207 1073 1281 1155 eligi

128 1159 235 1239 valeat,
272 1162 334 1225 nisi
363 1161 506 1225 eamdem
529 1159 701 1242 perfectam
732 1161 830 1225 vitam
859 1179 1055 1226 communem
1078 1160 1280 1242 profiteatur3

128 1251 227 1330 etqui
250 1249 281 1313 in
304 1266 454 1330 praesens
476 1248 518 1312 ad
547 1249 666 1313 dictum
688 1266 818 1326 munus,
849 1248 899 1312 vel
921 1249 1095 1330 dignitates
1117 1249 1209 1314 electi
1231 1267 1281 1312 re·

127 1338 292 1415 pariuntur,
324 1337 384 1399 nisi
408 1354 477 1400 eam
501 1336 751 1417 amplectantur,
783 1354 821 1401 eo
843 1337 912 1417 ipso
941 1338 1064 1401 muneri
1087 1354 1144 1401 suo
1166 1355 1282 1402 renun-

127 1423 217 1489 ciasse
239 1423 470 1505 intelligantur.
517 1425 605 1503 Quae
628 1424 723 1488 etiam
751 1424 909 1488 servanda
932 1429 1025 1487 erunt
1054 1424 1161 1505 quoad
1182 1423 1281 1505 Supe-

125 1510 216 1576 riores
241 1511 357 1576 locales
381 1511 522 1592 aliosque
557 1509 709 1576 officiales
735 1513 768 1575 in
792 1512 863 1576 aliis
893 1512 1039 1576 omnibus
1064 1512 1279 1592 conventibus,

123 1596 149 1662 in
171 1600 287 1681 quibus
309 1601 375 1663 vita
397 1598 537 1680 perfecta
561 1600 732 1664 communis
756 1598 1002 1665 constabilietur.

222 1686 373 1750 Ceterum
397 1687 582 1767 Superiores
610 1686 773 1769 regulares
796 1688 828 1751 in
852 1687 936 1751 omni
966 1688 1119 1766 patientia
1149 1694 1182 1752 et
1206 1689 1280 1754 doc·
1318 1697 1320 1701 ’

120 1774 208 1853 trina,
234 1794 298 1854 qua
321 1774 602 1852 exhortationibus
627 1793 691 1856 qua
706 1775 913 1851 suasionibus,
938 1773 1038 1838 modis
1061 1774 1206 1840 omnibus
1221 1794 1279 1856 pro

117 1863 237 1927 viribus
260 1881 372 1927 curare
394 1861 544 1940 debeant,
578 1869 615 1927 ut
637 1880 746 1927 omnes
769 1862 909 1943 religiosi
937 1864 1035 1925 etiam
1055 1861 1121 1940 J'am
1145 1863 1281 1943 professi

120 1952 212 2015 vitam
245 1949 417 2031 perfectam
451 1968 646 2015 communem
678 1951 907 2032 quamprimum
942 1948 1190 2030 amplectantur:
1226 1952 1280 2032 qui

121 2055 190 2102 vero
215 2039 385 2115 renuerint,
410 2038 443 2101 in
465 2039 623 2119 separatis
646 2038 853 2102 conventibus
876 2036 1085 2113 collocentur3
1116 2038 1149 2100 hi
1171 2043 1279 2102 tamen

117 2123 177 2206 legi
206 2126 342 2205 depositi
369 2127 400 2189 in
424 2143 522 2206 capsa
545 2127 702 2190 communi
733 2126 861 2191 obnoxii
882 2125 960 2205 sint,
993 2143 1052 2189 nec
1074 2125 1209 2204 pecunia
1230 2127 1280 2189 uti

116 2213 256 2291 valeant,
280 2215 339 2276 nisi
364 2213 403 2277 ad
426 2231 498 2276 suos
521 2214 716 2278 necessarios
740 2213 952 2293 honestosque
974 2230 1059 2288 usne,
1091 2212 1280 2293 praehabita

116 2319 268 2383 expressa
291 2301 422 2381 singulis
445 2301 563 2365 vicibus
580 2302 750 2382 superioris
772 2301 916 2366 licentia:
939 2301 1070 2381 insuper
1091 2318 1149 2364 nec
1169 2317 1279 2364 vocem

116 2390 277 2470 passivam
311 2388 451 2452 babeant
478 2389 511 2452 in
540 2389 746 2454 electionibus
775 2394 807 2453 et
841 2388 985 2470 capitulis
1018 2387 1278 2468 provincialibusr

116 2482 257 2541 attamen
289 2477 334 2539 eis
362 2477 572 2557 permittitur,
608 2481 644 2541 ut
672 2477 705 2540 in
737 2477 854 2543 eisdem
878 2476 1122 2558 provincialibus
1153 2474 1277 2540 electio·

116 2563 208 2628 nibus
240 2569 271 2627 et
306 2562 460 2645 Capitulis
490 2565 641 2644 activam,
677 2569 831 2647 quatenus
862 2583 899 2628 ea
923 2564 1095 2645 gaudeant,
1131 2581 1278 2628 exercere

116 2651 260 2731 valeant;
297 2658 488 2715 nontamen
516 2653 622 2731 iniis,
656 2672 736 2734 quae
759 2653 993 2717 observantiam
1025 2658 1057 2716 et
1080 2651 1279 2733 disciplinam

116 2738 294 2821 regularem
317 2739 500 2819 respiciunt.

221 2827 392 2891 Praeterea
406 2826 531 2906 expleto
547 2828 711 2909 tyrocinio,
727 2826 943 2907 Neo-professi
957 2846 1021 2891 non
1036 2825 1278 2905 transferantur,

116 2915 174 2978 nisi
208 2916 242 2977 in
276 2913 370 2978 aliam
404 2913 607 2979 reformatam
639 2915 782 2993 domum,
817 2914 871 2978 ubi
904 2915 1010 2995 vigeat
1039 2913 1177 2995 perfecta
1212 2913 1280 2979 vita

116 3003 302 3066 communis:
337 3001 421 3081 quod
444 3003 471 3066 si
498 3001 585 3064 nulla
617 3001 681 3068 alia
704 3003 814 3066 domus
842 3001 1014 3069 reformata
1044 3002 1214 3080 habeatur,
1245 3002 1281 3065 in

116 3090 226 3154 eodem
250 3090 423 3153 novitiatus
453 3094 608 3154 conventu
630 3094 855 3170 permaneant:
886 3095 919 3153 et
941 3089 968 3153 si
991 3089 1076 3153 idem
1107 3094 1278 3154 conventus

116 3178 155 3242 ob
186 3178 231 3241 ibi
265 3177 446 3257 degentium
479 3176 698 3258 religiosorum
732 3195 910 3255 numerum,
946 3177 988 3240 ad
1022 3176 1100 3242 alios
1136 3177 1276 3242 novitios

116 3265 314 3345 recipiendos
336 3282 438 3345 capax
467 3283 528 3329 non
559 3267 614 3343 sit,
652 3265 712 3329 hoc
741 3265 810 3346 ipso
841 3264 973 3329 ulterior
1004 3265 1196 3329 novitiorum
1225 3283 1280 3330 ac-

115 3353 252 3434 ceptatio
287 3353 458 3416 interdicta
490 3361 671 3429 censeatur,
707 3353 806 3417 donec
836 3353 957 3417 occasio
991 3352 1098 3430 detur,
1133 3357 1169 3415 ut
1196 3350 1279 3417 Neo-

115 3439 249 3522 professi
282 3440 315 3503 in
338 3439 431 3503 aliam
455 3439 616 3520 perfectae
643 3441 728 3504 vitae
752 3441 922 3504 communis
957 3441 1083 3504 domum
1113 3440 1280 3504 transferri

116 3527 278 3592 commode
301 3527 437 3604 valeant,
462 3532 495 3591 et
517 3533 690 3592 conventus
713 3529 885 3592 novitiatus
910 3528 951 3592 ad
973 3526 1051 3593 alios
1070 3527 1206 3593 novitios
1230 3545 1279 3590 re-

116 3615 276 3696 cipiendos
300 3634 398 3695 capax
420 3615 581 3679 reddatur.

223 3705 271 3766 De
293 3702 414 3783 reliquo
439 3721 512 3767 cum
534 3704 602 3768 vita
629 3702 769 3784 perfecta
793 3703 965 3769 eommunis
996 3703 1089 3767 ineo
1114 3701 1278 3783 consistat,

117 3794 152 3854 ut
173 3791 258 3854 bona
280 3808 503 3871 quaecumque,
527 3791 656 3868 reditus,
674 3790 895 3869 emolumenta,
921 3790 1045 3871 aliaque
1068 3791 1183 3866 omnia,
1197 3806 1280 3869 qurue

116 3879 228 3958 quovis
252 3876 345 3942 titulo
376 3878 531 3959 religiosis
560 3878 744 3954 obveniant,
775 3879 806 3942 in
830 3897 922 3943 usum
952 3878 1118 3958 religiosae
1141 3875 1280 3941 familiae

116 3966 209 4047 plene
225 3963 437 4043 conferantur,
461 3972 494 4030 et
508 3967 611 4046 ipsum
635 3968 759 4045 victum,
782 3968 939 4043 vestitum,
957 3964 1082 4044 aliaque
1098 3964 1280 4029 necessario

116 4058 317 4118 aconventu
350 4054 383 4116 in
418 4054 575 4117 communi
607 4053 777 4134 accipiant,
811 4053 990 4134 superiores
1020 4050 1098 4114 nibil
1129 4049 1213 4132 quod
1235 4052 1279 4115 sit

116 4140 332 4205 necessarium
366 4140 521 4220 religiosis
556 4141 728 4220 denegent,
764 4145 797 4205 et
830 4139 971 4221 religiosi
1005 4137 1084 4202 nihil
1118 4138 1202 4220 quod
1235 4139 1280 4203 sit

116 4226 310 4311 superfluum
326 4229 470 4309 exigant3
493 4227 626 4308 ideoque
640 4228 858 4310 superioribus
878 4227 1018 4291 charitas
1042 4231 1075 4290 et
1090 4224 1280 4306 sollicitudo,

116 4316 253 4381 subditis
277 4333 351 4379 vero
374 4315 524 4398 religiosa
546 4316 722 4381 moderatio
746 4317 835 4380 enixe
859 4313 1108 4380 commendatur.
