2872 4874
554 64 565 95 Ι

463 321 501 367 oa
524 321 668 368 accersis
691 320 820 369 cunrsrr.
1178 309 1218 371 39

51 462 155 526 altera
178 461 343 542 speciatim
366 460 527 539 docemus,
557 478 625 524 eam
656 478 719 525 nou
746 460 849 525 solum
871 477 940 526 esse
964 461 1024 526 lori
1047 462 1163 533 interni
1187 466 1220 529 et

52 548 310 626 sacramentalis3
346 548 404 612 sed
436 549 532 614 etiam
563 545 623 612 fori
650 548 771 614 externi
801 567 840 614 ac
870 549 1003 629 publici,
1040 550 1220 615 absolutam

53 644 150 719 atque
172 637 301 703 omnino
323 635 458 719 plenam,
482 636 629 701 nisurum
652 635 826 718 legiferam„
845 636 1054 717 Judiciariam,
1079 642 1112 701 et
1133 655 1220 705 coer-

56 726 192 791 citiram.
238 724 414 791 Poteststis
435 730 542 788 autem
566 723 747 806 hujusmodi
769 725 944 806 subjectum
975 732 1049 789 sunt
1071 725 1220 793 Pastores

54 820 88 879 et
100 813 257 879 Doctores
280 811 442 877 aGhrislo
465 811 541 892 dati,
564 813 618 893 qui
634 829 704 877 eam
719 811 818 877 libere
839 820 873 877 et
892 831 912 877 a
928 813 1038 893 quavis
1060 812 1217 878 saeculari

58 901 270 967 dominatione
280 899 530 981 independenter
541 906 704 978 exercent3
721 899 863 981 adeoque
875 918 945 965 cum
958 900 1041 964 oanni
1056 901 1187 982 imperio
1195 903 1219 982 ¹)

57 993 171 1071 regunt
193 987 371 1055 Ecclesiam
395 988 455 1053 Dei
484 996 552 1052 tum
575 988 761 1053 necessariis
784 994 819 1052 et
846 989 1071 1055 conscientiam
1094 1006 1219 1070 quoque.

58 1076 269 1157 obligantibus
303 1075 445 1157 legibus,
477 1082 546 1140 tum
580 1075 765 1142 decretoriis
800 1076 945 1157 judiciis,
983 1086 1051 1141 tum
1085 1076 1219 1157 deniquo

59 1164 249 1229 salutaribus
272 1164 383 1245 poenis
406 1164 438 1229 in
461 1173 568 1231 sontes
597 1166 694 1229 ctiam
725 1163 855 1244 invitm,
890 1183 948 1229 nec
979 1163 1079 1229 solum
1110 1165 1142 1228 in
1170 1165 1218 1240 iis,

60 1271 135 1333 quae
158 1250 255 1316 iidem
283 1255 316 1316 et
346 1270 463 1329 mores,
497 1251 617 1316 cultum
650 1258 683 1316 et
710 1251 998 1331 sanctificationem,
1032 1251 1089 1316 sed
1119 1252 1152 1316 in
1181 1251 1220 1316 iis

61 1340 159 1415 etiam,
185 1357 266 1421 quae
289 1345 453 1403 externam
470 1339 629 1405 Ecclesiae
646 1338 842 1420 disciplinam
860 1347 892 1406 et
913 1340 1220 1405 administrationem

60 1429 237 1510 respiciunt.
283 1425 377 1492 Unde
404 1425 548 1492 Ecclesia
577 1425 694 1492 Christi
728 1426 871 1508 perfecta
898 1429 1034 1494 societas
1064 1427 1221 1492 credenda

60 1521 115 1581 est.
159 1514 250 1581 Haec
272 1520 380 1579 sutem
402 1533 479 1581 vera
513 1520 545 1580 et
576 1520 641 1580 tarn
664 1514 737 1581 felix
761 1513 882 1581 Christi
903 1515 1047 1583 Ecclesia
1074 1515 1136 1580 alia
1158 1533 1221 1580 non

61 1608 117 1684 est,
143 1609 275 1685 praeter
302 1620 412 1682 unam,
444 1608 602 1681 sanctam,
635 1603 837 1683 catholicam,
866 1611 899 1669 et
922 1603 1128 1686 apostolicam
1158 1602 1220 1668 Ro·

62 1709 189 1757 manain.

533 1881 670 1948 CAPUT
692 1883 746 1950 xl.

326 2022 378 2088 De
401 2022 541 2087 Rosraouo'
564 2023 733 2104 Pontificio
748 2024 906 2106 primule.
925 2024 950 2106 ²)

157 2164 279 2229 Pastor
301 2169 449 2228 aeternus
478 2169 510 2227 et
537 2164 703 2245 episcopus
733 2165 908 2228 animarum
936 2168 1134 2241 nostrarum,
1167 2165 1220 2244 qui

70 2253 240 2333 priusquam
262 2249 491 2316 clarificaretur
513 2253 635 2332 rogavit
652 2252 788 2326 Patrem,
813 2256 849 2315 ut
872 2250 1038 2314 credentes
1060 2252 1091 2314 in
1115 2252 1219 2332 ipsum

66 2356 160 2404 onnes
189 2356 289 2403 unum
319 2345 440 2419 essent,
474 2340 557 2404 sicut
585 2339 681 2405 Pater
712 2346 745 2404 et
771 2339 870 2404 Filius
893 2357 989 2403 unum
1019 2344 1105 2418 sunt,
1120 2338 1146 2422 ³)
1179 2340 1221 2403 ad

64 2426 232 2493 catholicae
254 2424 328 2491 fidei
349 2432 383 2491 et
405 2427 630 2492 communionis
646 2429 799 2493 unitatem
816 2429 847 2492 in
863 2445 920 2491 sua
936 2426 1078 2492 Ecclesia
1097 2425 1217 2507 jugiter

63 2515 322 2592 conservandam,
355 2516 389 2578 in
425 2515 519 2579 beato
553 2514 648 2580 Petro
678 2515 828 2596 Apostolo
860 2516 998 2579 instituit
1029 2522 1217 2596 perpetuum

61 2605 221 2685 utriusque
253 2602 386 2667 unitatis
416 2603 603 2685 principium
632 2621 668 2668 ao
702 2604 824 2668 visibile
850 2602 1105 2682 fundamentum,
1143 2603 1216 2667 dum

58 2693 144 2772 juxta
159 2689 319 2772 evangelli
332 2690 514 2756 testimonia
528 2689 625 2755 Petro
640 2691 791 2771 apostolo
806 2693 977 2773 primatum
989 2690 1217 2773 jurisdictionis

61 2778 89 2842 in
121 2779 302 2844 universam
336 2777 397 2843 Dei
429 2777 603 2843 Ecclesiam
639 2779 821 2844 immediate
860 2786 893 2844 et
927 2780 1044 2843 directe
1074 2779 1218 2859 promisit

61 2870 152 2947 atque
177 2864 319 2932 contulit.
365 2866 414 2930 Ad
437 2884 533 2929 unum
557 2884 693 2947 namque
716 2867 847 2932 Petrum
870 2865 1015 2931 Christus
1038 2865 1137 2930 Filius
1160 2867 1217 2930 Dei

61 2955 121 3018 rivi
144 2954 237 3020 dixit:
273 2952 320 3017 Tu
344 2972 377 3019 es
401 2953 515 3018 Petrus
539 2959 572 3017 et
595 2971 690 3036 super
712 2954 794 3020 hanc
816 2961 939 3036 petram
963 2952 1136 3019 aedificabo
1158 2954 1218 3018 Ec-

61 3041 188 3106 clesiam
211 3059 325 3121 meam,
349 3048 382 3107 et
404 3047 517 3123 portae
538 3040 631 3106 inferi
645 3060 708 3107 non
724 3041 953 3124 praevalebunt
967 3042 1119 3106 adversus
1134 3059 1218 3106 eam:

61 3134 92 3193 et
113 3131 171 3194 tibi
201 3129 284 3193 dabo
314 3129 417 3195 claves
448 3130 539 3211 regni
567 3131 740 3195 coelorum:
775 3135 807 3195 et
828 3129 1045 3210 quodcumque
1073 3129 1219 3213 ligaveris

62 3235 154 3298 super
176 3222 303 3297 terram,
327 3217 388 3282 erit
402 3217 534 3298 ligatum
557 3224 589 3282 et
611 3218 767 3284 incaelis:
792 3224 824 3282 et
844 3217 1064 3298 quodcumque
1087 3216 1219 3282 solveris

62 3308 311 3384 superterram,
344 3306 406 3370 erit
429 3304 567 3369 solutum
599 3313 632 3371 et
656 3307 687 3370 in
711 3306 854 3387 celeliel)
898 3307 1002 3386 Atque
1026 3305 1080 3368 uui
1102 3303 1220 3370 Simoni

63 3391 152 3457 Petro
176 3392 309 3458 contulit
330 3392 424 3458 Jesus
447 3399 519 3474 post
548 3411 637 3458 suam
660 3395 921 3458 resurrectionem
948 3393 1061 3456 summi
1082 3392 1220 3473 pastoris

80 3518 270 3527 --—-.———

167 3566 185 3629 ¹l
204 3565 246 3623 cf.
263 3581 306 3634 ep.
325 3565 361 3620 au
380 3566 433 3620 sn.
453 3565 488 3619 11.
509 3569 550 3624 15.
570 3567 621 3622 001.
640 3582 682 3634 ep.
701 3568 722 3620 1.
740 3567 777 3620 au
796 3552 857 3621 coi.
877 3567 938 3620 vn.
958 3568 983 3620 o.

166 3637 190 3705 ¹)
208 3636 269 3691 Hoc
287 3645 373 3704 eaput
392 3637 563 3695 substratum
581 3643 642 3692 erat
661 3637 798 3693 schemati
819 3638 1022 3692 constitutionis
1048 3635 1219 3704 dogmaticae

62 3704 163 3772 primae
181 3705 216 3762 de
233 3705 362 3763 Ecclesia
382 3706 493 3774 Christi,
511 3723 581 3775 quae
599 3708 627 3760 in
640 3707 686 3761 IV.
700 3707 827 3763 Sessione
846 3707 920 3764 edita
938 3715 990 3763 est.
1028 3704 1219 3760 Iniallibilitas

62 3777 209 3844 magisterii
227 3777 344 3832 Romani
363 3776 512 3845 Pontificio,
530 3784 560 3832 ut
578 3778 691 3847 quisque
709 3777 796 3847 videt,
814 3779 842 3831 in
860 3779 913 3832 hoc
932 3778 1023 3845 capite
1041 3792 1095 3830 non
1113 3781 1155 3830 est
1173 3790 1220 3830 ex·

62 3860 169 3916 pressa3
189 3846 238 3902 sed
255 3846 379 3915 plurimis
399 3848 512 3902 Concilii
531 3847 661 3902 Patribus
681 3848 900 3916 postulantibus,
924 3856 955 3902 ut
973 3849 1041 3903 haee
1060 3845 1186 3901 doctrina
1205 3861 1221 3900 a

62 3915 180 3972 coneilio
198 3916 334 3972 Vaticano
352 3916 524 3984 definiretur,
552 3917 661 3972 demum
688 3924 750 3986 post
774 3917 845 3972 hanc
870 3918 1081 3987 postulationem
1105 3915 1221 3971 Schema

61 3988 241 4055 expositionis
259 3987 344 4055 hujus
363 3987 505 4043 doctrinae
523 3995 666 4044 exaratum
685 3994 734 4042 est.
769 3988 902 4043 Primaria
927 3989 1016 4043 forma
1038 3987 1120 4054 hujus
1139 3985 1221 4040 Sche-

62 4058 155 4125 mstis,
184 4056 259 4126 quod
285 4059 401 4126 primum
424 4057 608 4126 deputationis
633 4075 683 4126 pro
709 4058 791 4112 rebus
814 4058 879 4113 fidei
906 4058 1026 4114 examini
1049 4056 1220 4126 propositum

62 4125 164 4196 iuerat,
191 4127 353 4182 continetur
371 4128 398 4182 in
416 4130 523 4196 capite,
542 4129 616 4198 quod
639 4129 702 4183 huic
720 4129 804 4196 capiti
831 4128 1018 4196 subjunctum,
1047 4126 1222 4182 inscribitur:

64 4205 159 4323 „glatput
173 4196 342 4323 ³addendum
370 4197 480 4254 decreto
512 4199 545 4255 de
564 4199 681 4253 Romani
699 4198 840 4253 Pontificis
872 4199 1024 4253 Primatu“.
1060 4196 1221 4265 (adnotatio

63 4283 77 4320 ε
131 4284 192 4325 ris.

163 4339 189 4406 ⁸)
210 4336 253 4392 cl.
271 4337 371 4392 Joann.
390 4338 477 4394 XVII.
498 4345 520 4393 1.
539 4342 581 4394 21.
601 4355 641 4407 sq.
716 4338 738 4407 ⁴)
757 4338 856 4393 Matth.
875 4337 947 4392 xvi.
967 4340 1010 4395 18.
1030 4339 1071 4392 19.
