2872 4874
239 321 301 384 202
743 331 912 381 munuum

238 475 347 557 genio,
378 473 440 539 levi
470 470 706 538 Catholicorum
729 469 801 550 fide,
834 471 913 537 adeo
935 471 1108 552 inoleverit
1136 471 1247 551 utqui
1275 469 1372 535 ahana
1414 472 1418 521 l

238 561 384 644 colligere
412 561 563 639 uoluerit,
596 559 687 626 facile
719 559 859 625 eradicet
890 558 984 624 simul
1014 576 1082 624 cum
1117 559 1164 624 eis
1194 564 1228 623 et
1254 558 1372 623 triticum
1411 560 1418 619 l

239 648 366 727 (hauh.
392 653 443 728 13,
467 649 543 729 29).
594 646 754 728 Numquid
775 647 874 728 igitur
896 644 1056 712 Ecclesiae
1078 646 1221 729 expedit,
1254 650 1291 710 ut
1310 663 1374 710 cros
1416 664 1419 673 ·

238 754 310 803 cere
332 737 417 801 sinat
438 742 573 816 utraque
595 752 697 816 usque
725 733 766 800 ad
788 752 923 800 messem
946 732 996 798 vel
1025 731 1107 799 falce
1129 733 1253 799 mannia
1274 738 1375 798 euertat
1415 767 1430 819 q

238 823 387 905 oportet?
436 822 598 903 Quidquid
620 823 676 901 sit,
707 821 886 887 mnsmtum
910 821 1035 887 videtur
1063 839 1122 903 pro
1144 819 1314 887 universali
1331 818 1375 887 uc
1416 818 1428 849 “’

237 910 336 979 clesia
368 910 408 976 de
438 910 545 975 mixtis
579 909 786 977 matrimoniis
820 916 925 975 certas
957 914 1100 975 statuere
1132 908 1221 990 legas
1251 907 1301 972 vel
1326 907 1375 988 jan

236 1003 377 1065 statutas
392 997 573 1063 solemniter
594 998 745 1063 innovare
767 1008 863 1076 atque
877 994 1042 1078 Episcopis
1065 997 1147 1063 serio
1169 995 1376 1075 inculcatam

238 1085 385 1152 uniformi
414 1087 506 1167 praxi
528 1085 645 1166 ubique
677 1089 837 1151 terrarum
857 1083 949 1164 juxta
970 1082 1059 1166 legas
1089 1082 1237 1149 ferendas
1260 1089 1292 1147 et
1311 1081 1377 1148 latos
1427 1119 1430 1160 q

237 1179 349 1240 contra
369 1174 468 1239 mixta
497 1173 698 1239 matrimonia
728 1172 913 1255 procedant.
962 1171 1044 1237 Nam
1077 1173 1105 1236 si
1138 1170 1265 1236 diversa
1291 1170 1377 1252 pruris
1428 1186 1430 1209 ¹

236 1260 299 1327 huc
321 1259 397 1327 illuc
419 1260 460 1325 ah
482 1258 647 1343 Episcopis
669 1267 822 1340 servetur,
846 1260 1005 1342 integrum
1021 1257 1086 1325 odii
1107 1257 1232 1340 pondus
1254 1264 1378 1339 exparte

237 1348 405 1429 impiorum
436 1346 530 1413 cadat
554 1349 587 1413 in
609 1346 800 1429 Episcopum
830 1364 959 1415 necesse
989 1353 1053 1428 cst,
1084 1347 1138 1427 qui
1167 1345 1378 1413 ecclesiasticos

236 1435 323 1517 leges
346 1435 521 1516 exequitur.

344 1523 433 1602 Quod
468 1523 495 1588 si
530 1541 605 1590 vero
640 1524 790 1605 conjuges
824 1529 1078 1603 transgressores
1111 1522 1258 1603 nuspiam
1293 1521 1380 1603 alique

237 1607 380 1676 Censura
401 1610 526 1692 poenali
547 1609 712 1691 feriuntur,
736 1609 814 1676 ordo
830 1609 1069 1675 matrimonialis
1092 1617 1125 1674 et
1139 1608 1303 1677 Ecclesiae
1323 1624 1381 1673 anc-

236 1699 348 1764 toritas
378 1697 495 1779 ubique
522 1716 674 1764 concussa
702 1697 896 1779 pedetentim
928 1697 1081 1764 concidet.
1135 1695 1218 1762 Nam
1249 1694 1382 1763 scaudala

236 1784 363 1866 publica
385 1784 511 1868 poenali
540 1785 691 1851 ictuum
719 1785 855 1867 amplius
878 1784 1037 1851 vindicata
1060 1788 1226 1866 contegam
1250 1782 1383 1851 vittnrm

236 1875 319 1938 inter
349 1873 458 1938 fideles
490 1874 687 1955 dispergant,
721 1872 946 1953 christianique
976 1872 1168 1938 matrimonii
1200 1872 1383 1937 ordinemet

109 2014 113 2019 .
237 1961 440 2027 sanctitatem
473 1961 609 2025 diruent.
662 1963 839 2025 Arceantur
872 1960 970 2042 igitur
1003 1960 1042 2025 de
1069 1958 1234 2026 Ecclesiae
1264 1960 1336 2024 sinu
1361 1963 1385 2023 et

237 2048 421 2130 rejiciantur
444 2067 465 2113 a
487 2048 703 2114 communione
726 2049 795 2130 ejus
816 2045 888 2113 falsi
903 2047 1037 2112 nominis
1060 2043 1216 2112 Catholici
1240 2047 1384 2131 conjuga

237 2137 291 2218 qui
322 2140 472 2219 protervo
504 2135 594 2207 vultu
631 2135 881 2216 sapientissimas
915 2135 1077 2201 Ecclesiae
1113 2133 1201 2217 leges
1237 2142 1274 2215 ct
1306 2132 1382 2213 fidon

237 2222 424 2299 catholicam
448 2223 487 2288 de
508 2223 786 2289 indissolubilitate
808 2227 842 2288 et
868 2223 990 2288 unitate
1012 2222 1203 2289 matrimonii
1225 2221 1383 2309 infringere

236 2311 371 2392 audent3
405 2311 625 2377 rescindantur
652 2310 732 2375 haec
754 2311 881 2392 putrida
909 2311 1051 2375 membra
1073 2329 1094 2375 a
1115 2309 1238 2390 reliquo
1261 2322 1385 2391 corporo,

237 2405 273 2465 ut
295 2418 359 2465 una
388 2417 459 2465 cum
481 2400 566 2463 sanis
597 2398 746 2462 membris
777 2416 889 2479 corpus
912 2405 1041 2463 maneat
1062 2399 1240 2480 integrum,
1276 2395 1388 2463 adsum

237 2491 333 2569 atque
355 2485 510 2551 illaesum.

343 2572 433 2651 Quae
455 2587 526 2637 cum
548 2573 595 2637 ita
618 2573 683 2636 sint
705 2573 909 2639 statuendum
931 2591 1003 2638 esse
1024 2570 1152 2654 opinor:
1374 2640 1377 2647 ,

347 2667 374 2724 l.
393 2659 527 2729 ¹Omnes
542 2659 717 2742 Episcopos
739 2678 820 2726 novo
836 2659 1060 2733 matrimoniali
1082 2661 1219 2726 Decreto
1236 2659 1305 2725 aS.
1322 2658 1392 2725 Con·

238 2745 308 2813 cilio
333 2747 490 2813 Vaticano
516 2748 655 2829 proxime
681 2746 810 2814 terendo
833 2750 934 2814 teneri
967 2747 1125 2829 publicam
1157 2766 1196 2815 ac
1228 2747 1393 2819 solemnem

236 2833 575 2901 Excommunicationis
591 2833 786 2901 Sententiam
801 2834 885 2901 ferre
906 2837 940 2901 in
963 2837 1113 2918 conjuges
1128 2836 1392 2917 praevaricatores

237 2920 296 2986 sub
332 2938 417 2986 num.
443 2929 471 2989 l.
502 2927 531 2987 2.
556 2930 589 2989 et
624 2928 653 2989 3.
685 2942 783 3005 supra
812 2929 1089 3002 commemoratos,
1123 2940 1203 3004 quae
1234 2920 1394 2989 Sententia

237 3026 361 3090 semper
384 3028 404 3075 a
433 3009 582 3076 Parochis
605 3010 716 3076 diebus
740 3010 904 3077 dominicis
920 3011 970 3076 vel
992 3009 1082 3076 iestis
1105 3028 1123 3075 e
1143 3026 1246 3091 prono
1260 3007 1393 3092 promul·

236 3096 342 3178 ganda
353 3097 502 3178 jubeatur
523 3099 556 3163 in
570 3096 716 3163 Ecclesia
736 3098 922 3179 parochiali,
946 3099 1098 3180 adquam
1115 3099 1266 3181 conjuges
1282 3098 1332 3163 rei
1345 3113 1396 3179 per

238 3183 427 3250 domicilium
450 3203 599 3266 praesens
623 3188 792 3266 pertinent.

344 3275 374 3338 2.
408 3272 644 3339 Faoaitototem
658 3273 870 3353 dispensandi
892 3273 930 3337 do
945 3273 1167 3353 impedimento
1190 3271 1396 3353 disparitatis

238 3357 343 3425 cultus
360 3356 547 3427 ordinariis
562 3360 701 3426 locorum
723 3379 793 3425 esse
808 3360 1040 3440 remittendam,
1057 3377 1191 3441 qnorum
1206 3359 1396 3425 muscientia

238 3446 399 3511 oneranda
421 3455 482 3526 est,
519 3454 554 3512 ut
576 3447 701 3513 nonnisi
729 3448 789 3512 sub
816 3450 966 3530 gravibm
994 3447 1097 3514 causis
1127 3453 1160 3512 et
1181 3452 1319 3528 urgente
1345 3462 1396 3511 nc-

237 3534 386 3600 cessitate
416 3541 513 3616 atque
546 3535 678 3618 singulis
700 3535 821 3600 vicibus
851 3535 976 3600 nonnisi
1003 3539 1077 3617 post
1106 3538 1251 3600 ecoctam
1283 3553 1396 3600 causae

237 3622 481 3704 recopaitc'oaeoc
500 3622 619 3705 judicio
641 3622 691 3687 vel
715 3622 939 3688 Sententiam
964 3621 1157 3687 Consisiorc'o
1179 3621 1248 3686 lato
1271 3621 1396 3706 dispen-

237 3709 392 3774 sationem
416 3710 455 3773 de
479 3709 665 3790 disparitate
681 3708 785 3776 cultus
808 3709 859 3774 vel
882 3709 1056 3776 concedere
1078 3709 1131 3775 vel
1146 3710 1285 3775 abnuere
1310 3717 1398 3775 tene-

239 3801 334 3860 antur
356 3803 390 3862 ct
412 3803 582 3879 utrumque
611 3799 711 3879 gratis
734 3799 872 3864 omnino.
923 3795 972 3860 Ea
993 3796 1187 3879 procedendi
1217 3797 1344 3861 ratione
1367 3801 1398 3860 ct

237 3881 340 3949 forma
367 3889 494 3950 servata
520 3901 668 3950 numerus
696 3885 864 3950 mixtorum
895 3885 1164 3950 matrimoniorum
1194 3883 1331 3948 multum
1354 3882 1398 3947 di·

236 3970 441 4036 minueretur.

343 4057 471 4123 Summo
494 4064 530 4122 et
551 4059 682 4139 perenni
705 4059 793 4125 cultu
814 4077 1001 4141 permanere
1022 4058 1137 4125 laetor.

342 4162 462 4229 Romae
487 4167 536 4227 19.
560 4161 658 4243 April.
686 4168 779 4229 1870.

541 4268 562 4347 †
585 4265 718 4332 Carolus
740 4267 879 4333 ioannes
902 4267 1022 4348 Greith
1046 4267 1104 4367 Ep.
1128 4265 1354 4365 Sangallensia

713 4403 725 4409 ..
731 4403 813 4410 ...ι-ω-
883 4404 904 4409 -.4

718 4415 921 4423 n--a--a—-n-—n—
