2872 4874
456 348 554 398 Um
575 349 679 398 mun
702 351 739 397 ET
760 350 971 400 emesenus.

358 581 371 610 „
400 540 490 596 titulis
518 541 610 596 curiae
634 541 777 597 Romanae
799 541 961 598 honorificis
983 559 1038 599 non
1063 560 1129 600 con·
1208 493 1255 536 Μ’

449 627 571 683 ferendis
590 627 781 683 sacerdotibus
800 637 883 685 extra
895 630 1009 686 Romam
1030 631 1132 701 degen-

450 716 533 784 tibus,
551 716 715 771 inconsultis
734 717 859 785 ipsorum
874 717 1024 774 ordinariis
1079 759 1085 772 .
1123 762 1131 777 .
1170 722 1222 776 150

358 844 371 871 ,,
399 804 470 858 viris.
485 805 513 857 in
532 820 589 860 sac.
609 804 796 860 Cardinalinm
815 804 931 872 collegio
952 806 1129 875 romanisque

451 891 717 960 congregationibus
729 899 757 947 et
768 893 953 948 tribunalibus
968 893 1134 950 adhibendis
1173 898 1222 950 150
1240 911 1274 963 sc.

343 979 1160 1049 EminentissimiOardinalesetpraccipnicuriaeRomanae

450 1066 582 1122 officiales
608 1083 643 1121 ex
669 1068 774 1121 cunctis
792 1069 950 1125 nationibus
972 1070 1130 1126 assumendi
1167 1073 1213 1125 151

343 1154 385 1210 De
403 1154 528 1210 conciliis
548 1155 731 1210 oecumenicis
750 1156 860 1223 saepius
879 1156 1052 1212 celebrandis
1077 1197 1084 1211 .
1121 1161 1132 1215 .’
1169 1163 1215 1211 151

303 1253 306 1258 ·
357 1283 370 1311 „
464 1283 478 1312 ‚,
546 1243 680 1310 plenariis
699 1234 841 1297 interdum
855 1241 987 1297 habendis
1037 1285 1044 1298 .
1081 1285 1088 1298 .
1125 1288 1132 1301 .
1164 1249 1267 1312 15155.

357 1370 371 1398 „
463 1370 476 1400 „
543 1330 758 1398 provincialibus
791 1330 907 1399 singulis
921 1344 924 1350 ·
940 1331 1131 1399 quinquenniis

451 1417 624 1473 celebrandis
649 1430 655 1439 '
678 1458 1128 1477 ...........
1168 1423 1213 1472 152

358 1544 370 1574 „
400 1505 513 1575 synodis
532 1505 701 1575 dioecesanis
721 1545 1127 1565 ..........
1166 1511 1211 1562 152

355 1633 369 1664 „
397 1593 595 1649 reformatione
610 1593 684 1662 juris
703 1594 827 1648 canonici
856 1634 1130 1652 .......
1168 1596 1213 1650 152
1227 1611 1259 1660 sq.

356 1721 369 1750 ‚‚
399 1683 532 1750 censuris,
552 1681 719 1749 praesertim
737 1681 896 1749 reservatis,
919 1679 955 1734 ad
973 1682 1130 1750 pauciorem

449 1782 592 1825 numerum
610 1769 771 1825 reducendis
812 1809 1131 1827 ........
1168 1773 1212 1824 153

357 1897 371 1926 „
400 1857 633 1913 reservationibus
646 1864 822 1926 peccatorum
835 1856 861 1910 S.
876 1855 1003 1911 Pontifici
1016 1856 1051 1910 ad
1060 1873 1130 1926 pau·

449 1948 538 2001 ciores
556 1961 639 2000 casus
658 1944 820 1999 reducendis
851 1985 1126 2002 .......
1163 1947 1209 2000 151

355 2075 370 2104 ,,
400 2036 528 2102 catalogo
537 2049 652 2088 casuum
663 2031 690 2089 S.
700 2031 824 2087 Pontifici
834 2041 1042 2086 reservatorum
1050 2033 1128 2087 initio

451 2122 573 2190 cujusvis
582 2119 761 2190 pontificatus
775 2119 916 2173 exarando
928 2127 956 2174 et
965 2120 1129 2186 publicando
1168 2122 1211 2174 155

356 2250 371 2280 „
399 2211 504 2279 legibus
523 2207 770 2263 matrimonialibus
788 2206 995 2262 reformandis.
1032 2251 1039 2264 .
1076 2247 1083 2261 .
1120 2249 1127 2265 .
1166 2209 1211 2262 156

357 2338 372 2368 ,
402 2297 549 2352 minuendo
582 2296 841 2365 impedimentorum
871 2294 1038 2348 matrimonii
1066 2294 1129 2348 diri·

451 2385 581 2439 mentium
599 2400 712 2438 numero
723 2422 1128 2440 ..........
1165 2383 1212 2435 156

359 2513 372 2540 ,,
401 2471 582 2526 modificando
602 2470 830 2526 clandestinitatis
849 2470 1045 2538 impedimento
1075 2510 1082 2523 .
1120 2509 1128 2524 .
1165 2472 1211 2524 156

344 2561 474 2614 Latiores
505 2558 651 2614 facultates
676 2558 822 2626 Episcopis
850 2558 886 2612 ad
913 2555 1127 2625 dispensandum

451 2662 536 2715 super
545 2647 745 2716 impedimentis
758 2647 923 2700 matrimonii
937 2647 1128 2702 concedendae
1165 2648 1210 2700 157

346 2736 571 2804 Dispensationes
604 2734 633 2788 in
659 2750 773 2789 romana
800 2735 877 2789 curia
903 2735 1055 2803 promptius
1082 2751 1130 2789 ex·

450 2823 601 2891 pediendae
628 2860 1126 2880 ............
1165 2824 1213 2875 158

345 2911 387 2967 05
405 2910 481 2966 feriis
498 2909 547 2967 68.
561 2910 812 2980 congregationum
831 2914 859 2964 et
871 2908 1059 2963 Tribunalium
1072 2909 1127 2964 Ro·

361 3044 362 3047 ,
449 3014 593 3053 manorum
612 2997 813 3066 supprimendis
832 2995 875 3051 vel
893 2997 1047 3051 minuendis
1077 3037 1084 3051 .
1120 3039 1128 3054 .
1165 2998 1213 3050 156
1299 2995 1300 2998 ’

343 3107 370 3154 ·‚,
399 3085 581 3141 reformandis
600 3086 672 3155 stylo
694 3093 723 3139 et
741 3085 845 3154 regulis
864 3085 899 3139 ad
918 3086 1054 3153 rescripta
1074 3084 1127 3139 dis·

451 3176 644 3242 pensationum
663 3173 831 3227 matrimonii
850 3172 1038 3241 spectantibus
1075 3213 1083 3227 .
1120 3214 1127 3227 .
1165 3174 1214 3227 158

356 3300 372 3330 „
396 3257 502 3315 ‘Indicis
520 3254 651 3316 librorum
669 3261 773 3329 regulis
793 3266 822 3316 e't
840 3263 921 3331 praxi
943 3301 1128 3319 .....
1166 3263 1214 3315 169

358 3389 372 3418 ‚,
403 3349 547 3405 revisendo
566 3350 704 3405 Breviario
763 3389 1125 3407 .........
1164 3351 1213 3402 159

359 3478 372 3505 „
401 3438 597 3506 indulgentiise
633 3477 1128 3496 ............
1167 3440 1215 3490 160
1233 3448 1267 3500 sq.

341 3527 388 3578 An
397 3526 540 3581 conveniat
551 3526 628 3595 leges
640 3525 822 3580 abstinentiae
834 3531 862 3580 et
871 3524 971 3601 jejunii
984 3523 1020 3578 ad
1033 3539 1127 3592 qnam·

427 3614 515 3668 'dam
523 3614 737 3669 uniformitatem
750 3613 844 3668 reduci
857 3613 900 3666 vel
912 3613 993 3666 etiam
1006 3612 1128 3681 mitigari
1166 3613 1212 3666 161
1307 3608 1309 3612 ⁴

343 3701 388 3757 :De
405 3703 457 3771 piis
477 3702 648 3771 imaginibus,
674 3702 707 3756 de
725 3701 865 3756 miraculis
887 3706 915 3754 et
934 3699 1063 3754 denovis
1082 3699 1128 3755 de·

437 3789 567 3847 ,sotionis
585 3789 718 3858 praxibus
763 3827 1126 3846 .........
1164 3788 1210 3839 161

359 3917 372 3945 ,,
401 3877 496 3932 diariis
521 3878 663 3932 catholicis
681 3875 857 3932 moderandis
876 3882 904 3930 et
923 3875 1127 3943 compescendis
1164 3877 1212 3928 161

359 4006 372 4035 ,,
402 3955 574 4020 cautionibus
601 3964 775 4032 adhibendis,
805 3980 840 4018 ne
866 3979 911 4018 res
937 3962 1051 4017 05551111
1078 3963 1126 4016 im·

450 4053 580 4122 prudenti
593 4062 621 4108 et
633 4052 839 4121 indisciplinata
851 4051 1019 4107 immixtione
1029 4051 1128 4104 diario·

450 4156 511 4196 rum
529 4143 700 4212 publicorum
719 4140 917 4208 perturbentur
943 4177 1127 4197 .....
1164 4139 1212 4190 162

342 4229 388 4282 De
406 4227 573 4284 adducendis
585 4229 626 4284 vel
638 4228 801 4283 reducendis
814 4227 850 4281 ad
859 4226 938 4281 fidem
951 4233 978 4281 et
992 4227 1126 4279 unitatem

353 4315 356 4318 ’
451 4316 613 4370 catholicam
631 4314 794 4380 infidelibus,
815 4314 998 4370 schismaticis
1017 4320 1044 4368 et
1062 4313 1128 4367 bae·

451 4402 544 4458 reticIs
590 4405 625 4462 .’
634 4441 816 4460 .....
845 4445 848 4452 .
854 4439 1126 4459 .......
1163 4399 1212 4451 163
