2872 4874
427 363 465 408 nn
490 362 585 407 rencs
609 362 795 410 noanumms
1144 350 1202 410 lll
1296 372 1300 382 ·

52 503 194 567 doctrinis
209 502 360 567 revelatis
383 502 541 580 cohaeret,
559 502 738 583 Apostolos,
756 503 920 584 ipsumque
934 501 1090 568 loannem
1105 504 1214 570 latere

54 608 109 654 non
128 591 277 671 potuisse,
302 589 496 671 proindeque
518 607 556 653 ex
579 589 763 671 Apostolica
784 588 955 655 traditione
971 589 1134 658 Ecclesiae
1147 592 1206 656 'in-

56 679 194 742 notuisse
824 689 826 694 '
1188 702 1191 706 ·

10 846 12 851 ,
149 765 196 830 Ex
230 764 294 844 his,
331 764 463 845 aliisque
491 765 640 845 gravibus
668 765 848 842 momentis,
881 782 962 846 quac
993 766 1033 830 ab
1065 766 1204 849 antiquis

10 890 13 935 ,
58 852 265 933 sexcentisque
295 870 402 916 rerum
431 851 715 917 ecclesiasticarum
742 853 949 934 scriptoribus
984 853 1111 934 passim,
1131 851 1207 920 affe·

10 944 13 1035 ξ
57 946 172 1019 cuntur,
213 939 298 1005 hanc
331 941 418 1021 piam
452 945 673 1020 vetustumque
706 941 898 1004 sententiam
936 941 1021 1004 omni
1056 939 1207 1007 firmitate

10 1038 13 1109 ι
58 1028 168 1106 muniri,
193 1031 290 1109 atque
313 1027 352 1092 de
375 1025 437 1091 ilde
462 1026 653 1092 definibilem
676 1045 746 1092 esse
768 1028 922 1092 novimus.
1135 1039 1137 1043 ’

10 1118 12 1127 “
149 1114 359 1197 Quapropter,
383 1115 571 1180 Beatissime
593 1115 699 1195 Pater,
723 1116 777 1196 qui
800 1133 819 1179 a
840 1116 949 1196 paucis
964 1115 1079 1182 abhinc
1101 1117 1203 1198 annis,

59 1203 147 1266 Tuum
168 1201 334 1268 inialhbile
357 1201 531 1281 oraculum,
561 1201 655 1284 longo
676 1203 742 1283 jnm
765 1202 952 1284 populorum
977 1202 1131 1269 desiderio
1153 1223 1206 1269 ex·

10 1338 12 1345 .
56 1295 217 1371 pestutum,
242 1289 404 1372 effusaque
432 1293 574 1371 gentium
604 1291 825 1371 deprecatione
848 1291 1039 1373 expetitum,
1070 1292 1206 1359 maximo

56 1379 265 1460 episcoporum
296 1384 330 1442 et
353 1377 603 1443 christifidelium
634 1379 747 1459 plausu
771 1384 955 1460 exceptum,
986 1379 1206 1461 Dogmaticam

56 1483 155 1548 nempe
179 1465 395 1532 definitionem
428 1465 467 1530 de
489 1465 696 1530 Immaculato
726 1467 828 1546 primo
857 1466 1014 1547 Deiparse
1044 1465 1207 1550 Conceptu

55 1555 195 1634 emisisti3
230 1573 251 1619 a
273 1553 318 1618 Te
350 1557 412 1618 Nos
435 1563 468 1619 et
499 1553 687 1618 christianae
711 1553 820 1637 plebes
851 1553 1056 1619 sollicitudini
1078 1561 1207 1622 nostrae

57 1642 232 1706 commissae
255 1659 350 1722 quam
373 1641 574 1706 vehementer
597 1640 843 1722 expostulamus,
867 1647 904 1706 ut
927 1641 1078 1726 Ecclesia,
1102 1643 1207 1709 omnia

56 1728 199 1812 Deiparae
234 1737 420 1794 ornamenta
452 1735 484 1794 et
506 1729 682 1810 triumphos
714 1730 865 1793 inunum
899 1748 1085 1811 congeram,
1120 1730 1208 1796 illam

57 1818 149 1969 suffia
184 1817 280 1882 simul
313 1823 345 1881 et
382 1835 513 1899 corpore
552 1817 710 1882 coelorum
745 1817 872 1881 sedibus
910 1815 1007 1881 tuisse
1045 1824 1207 1900 receptam

60 1903 89 1969 de
128 1906 183 1971 iat.

147 1992 259 2074 Neque
290 1992 374 2056 enim
396 1992 455 2057 hoo
486 1991 656 2074 gloriosum
680 1991 802 2056 facinus
830 1993 986 2056 immerito
1008 1991 1209 2075 postulatur;

67 2079 160 2163 quippe
183 2082 268 2144 sicut
290 2081 431 2160 virgineo
446 2080 528 2162 pede
551 2079 673 2160 antiqui
696 2081 852 2160 serpentis
875 2086 973 2161 caput
987 2078 1088 2144 Beata
1109 2081 1208 2162 Virgo

66 2168 210 2247 contrivit,
246 2169 292 2231 ita
322 2168 453 2232 solemni
487 2166 547 2232 hac
575 2185 659 2231 nova
692 2167 812 2249 gloriae
845 2185 921 2232 suae
955 2165 1207 2233 manifestatione

64 2249 164 2320 thrlsti
186 2253 260 2320 Filii
283 2255 342 2333 sui,
367 2272 504 2336 suosque
534 2255 642 2319 hostes
664 2255 696 2318 in
720 2255 779 2319 hac
809 2251 964 2336 piaculari
990 2259 1097 2320 aetate
1119 2273 1208 2338 gras·

60 2350 153 2408 santes
175 2343 293 2407 invicte
322 2350 474 2407 conteret..
527 2342 560 2407 si
591 2342 647 2406 Illa
673 2344 800 2422 quidem
831 2344 873 2407 ad
903 2363 959 2408 nos
988 2343 1207 2408 misericordes

57 2428 150 2494 oculos
173 2438 347 2510 convertat,
379 2432 542 2511 immanes,
571 2432 624 2511 qui
648 2430 882 2495 debacchantur
912 2449 1043 2511 errores,
1067 2433 1207 2495 rationa-

57 2513 169 2582 lismum
199 2519 389 2600 praesertim
420 2524 453 2583 et
480 2517 760 2596 materialismum,
796 2538 854 2582 ceu
877 2524 1035 2583 tumentes
1062 2519 1208 2600 aequoris

56 2599 159 2670 fluctus
176 2604 428 2687 confringendos
445 2607 584 2686 vitiaque
608 2605 755 2685 nefanda,
780 2624 861 2687 quac
877 2606 976 2671 veluti
1000 2605 1110 2672 Nobmi
1129 2625 1207 2671 aevo

58 2695 161 2756 terram
199 2692 340 2774 undique
374 2693 537 2776 polluunt,
572 2692 739 2757 exulatum
772 2692 840 2758 fore
874 2692 1068 2759 confidimus.
1125 2694 1207 2772 Quin

58 2777 140 2844 immo
161 2781 240 2863 ipsis
256 2779 432 2847 catholicae
454 2779 526 2845 fidei
549 2780 748 2860 adversariis,
765 2781 969 2863 praelucente
992 2783 1090 2847 maris
1104 2782 1207 2860 stella,

60 2865 95 2929 ad
111 2866 198 2933 Petri
220 2870 381 2967 navigium
404 2868 593 2933 festinanter
624 2868 844 2948 remeantibus,
868 2888 966 2933 unum
990 2872 1052 2934 erit
1073 2869 1152 2934 ovile
1176 2875 1208 2934 et

60 2971 128 3018 unus
149 2964 268 3038 pastor.

150 3043 240 3121 Quae
263 3062 333 3107 cum
356 3044 402 3107 ita
426 3044 499 3121 sint,
528 3045 734 3109 Sanctissime
757 3043 862 3123 Pater,
886 3042 1062 3110 sacerdotii
1086 3044 1211 3109 culmen

60 3130 89 3189 et
105 3147 187 3214 apex,
209 3136 243 3196 et
265 3130 428 3196 Ecclesiae
451 3130 623 3196 catholicae
646 3149 690 3211 os,
714 3132 779 3196 Nos
802 3131 948 3197 Vaticani
970 3129 1101 3196 Concilii
1124 3150 1144 3196 a
1166 3131 1211 3197 Te

62 3211 158 3282 indicti
178 3219 291 3284 Patres
323 3221 363 3283 ad
395 3218 479 3283 Tuos
502 3219 617 3300 pedes,
652 3220 828 3300 dequibus
861 3220 1070 3285 dictumest:
1108 3220 1211 3300 Quam

56 3301 175 3377 polemi
197 3307 298 3388 pedes
328 3307 616 3388 evoapctiaaato'om
637 3327 759 3387 pacem,
792 3308 1085 3391 ecunpelo'aaato'am
1119 3307 1209 3384 bono,

64 3385 161 3457 devote
181 3394 349 3476 provoluti,
374 3394 545 3477 Deiparam
568 3394 675 3458 anima
697 3395 900 3459 immaculata
924 3400 957 3460 ct
973 3396 1115 3477 virgineo
1139 3412 1211 3459 cor-

63 3489 128 3552 pore
147 3481 178 3544 in
200 3482 305 3548 coelos
328 3484 494 3562 viventem,
529 3500 675 3564 supremo
703 3482 771 3546 Tuo
795 3483 988 3564 magisterio,
1016 3484 1049 3546 in
1072 3483 1132 3546 hac
1154 3481 1210 3546 Sa·

65 3576 214 3634 crosanota
235 3569 361 3652 Synodo
385 3567 513 3649 firmari,
544 3570 742 3652 proclamari,
775 3568 906 3649 definiri,
940 3571 1039 3635 enixis
1062 3569 1210 3652 precibus

65 3653 257 3738 l0⁸tulamus3
292 3657 426 3738 ideoque
461 3657 678 3740 chyrographo
715 3665 825 3723 nostro
868 3658 927 3722 has
962 3658 1209 3742 supplicationes

67 3729 181 3808 fidenter
202 3744 417 3825 obsiguamus.

139 3880 220 3951 Huic
240 3885 456 3964 postulationi
479 3885 722 3964 subsripserout
745 3889 806 3950 113
831 3883 969 3949 Concidit
992 3884 1118 3950 Patres.

522 4107 731 4114 ’.ι-ω’...-

154 4273 232 4343 Cum
254 4276 446 4359 infrascripti
461 4276 592 4343 Consilii
615 4278 761 4344 Vaticani
783 4278 897 4343 Patres
908 4276 998 4359 juxta
1020 4282 1209 4358 perpetuum

68 4351 212 4446 utriusque
234 4363 401 4432 Ecclesiae
415 4367 543 4431 sensum
566 4370 601 4432 ct·
621 4366 835 4432 venerandam
850 4364 1053 4432 traditionem
1075 4363 1209 4430 mtam
