2872 4874
349 333 389 379 ne
412 334 509 380 arens
532 335 592 381 mr.
615 335 735 382 omnus.
758 336 796 381 er
817 335 950 384 messos.
1171 326 1233 386 249

178 474 234 540 III.
265 473 373 539 Tertia
395 473 604 538 consideratio
626 478 751 555 spectat
771 474 994 539 missionarios.
1032 475 1161 543 Certum
1186 487 1235 544 ost

112 580 168 627 em
183 561 368 626 missionum
382 561 557 626 consistere
572 562 604 626 in
620 561 737 626 auxilio
752 563 932 643 praebendo
948 562 1123 630 Ordinariis
1139 567 1234 632 llice-

112 651 194 715 sium
224 655 256 713 et
286 649 438 714 ministris
471 649 628 730 indigenis
657 650 697 713 ad
728 650 863 715 salutem
891 652 1065 716 animarum
1096 650 1233 718 fidelium

112 738 304 819 sequendam
327 742 360 800 et
380 737 414 801 in
437 737 645 802 incumbendo
676 738 716 802 ad
741 738 977 803 conversionem
998 739 1233 807 haereticorum

133 824 310 891 infidelium
341 824 381 889 ad
410 823 586 890 Ecclesiam
614 823 819 891 Catholicam.
874 825 916 889 At
943 827 1111 892 videndum
1142 830 1234 895 uobis

112 918 224 991 manet,
248 919 353 978 utrum
375 930 412 977 re
433 930 509 977 vera
536 913 617 978 ratio
645 913 915 978 missionariorum
943 915 1136 996 procedendi
1159 936 1233 983 con-

112 1007 169 1066 uat
190 1000 246 1065 fini
267 1001 434 1080 missionis,
457 1018 565 1066 necne.

180 1089 285 1168 Certe,
318 1089 345 1152 si
368 1089 580 1154 constituatur
610 1107 718 1153 verum
738 1088 904 1169 judicium,
933 1090 1113 1156 invenietur
1145 1091 1234 1156 diffe-

112 1178 179 1243 ntia
201 1175 251 1241 vel
274 1176 424 1256 maxima,
454 1177 600 1257 quoniam
632 1195 730 1258 opera
758 1178 865 1243 omnia
886 1177 1081 1242 Jesuitarum
1104 1179 1233 1244 unicum

112 1266 193 1331 bent
215 1283 357 1346 scopum,
380 1263 535 1330 evellendi
557 1264 679 1329 scilicet
705 1264 878 1347 legitimam
908 1267 1104 1347 superiorum
1127 1268 1235 1332 Eccle-

112 1354 269 1419 eticorum
293 1352 528 1432 auctoritatem,
551 1370 675 1417 necnon
697 1352 837 1433 ipsorum
858 1352 1083 1432 Parochorum,
1107 1359 1141 1419 et
1162 1374 1234 1420 sua-

112 1441 168 1506 udi
198 1440 347 1522 populum
382 1445 418 1504 ut
449 1440 650 1521 derelinquat
678 1458 752 1505 euos
767 1440 944 1523 „legitimos
974 1443 1166 1523 superiorem
1202 1449 1235 1508 ct

112 1530 263 1594 aesertim
296 1529 356 1592 hoc
385 1533 539 1609 exoptant
567 1547 587 1592 a
615 1528 816 1611 magnatibus
848 1535 882 1593 et
916 1528 1082 1595 ditioribus
1114 1531 1232 1612 populi,

112 1619 165 1682 :uti
191 1617 230 1680 de
253 1616 337 1680 facto
361 1617 467 1680 evenit
489 1616 523 1680 in
545 1616 616 1698 ipsa
637 1619 717 1682 urbe
740 1616 849 1681 Beriti.

183 1709 210 1767 l.
235 1703 363 1768 Etenim
387 1705 487 1785 primo
510 1704 570 1768 sibi
593 1705 721 1770 domum
749 1711 782 1770 et
804 1703 978 1769 Ecclesiam
1003 1705 1235 1771 constituerunt

127 1792 232 1856 medic
256 1792 420 1856 domorum
435 1791 671 1870 catholicarum,
696 1796 732 1857 ut
750 1792 943 1858 commodius
959 1797 1089 1874 possent
1109 1792 1234 1858 illorum

112 1880 247 1945 telesiam
270 1878 487 1961 frequentare
512 1880 625 1945 deinde
649 1879 778 1945 Scholas
801 1885 1012 1961 aperuerunt,
1044 1886 1078 1945 et
1099 1881 1234 1962 primum

112 1973 277 2050 :oeperunt
309 1968 421 2032 docere
444 1967 560 2031 inillis
585 1968 720 2049 juvenes
742 1969 858 2049 gratie,
892 1974 928 2031 ut
958 1974 1088 2050 possent
1117 1968 1234 2034 habere

112 2057 229 2121 tionem
249 2055 381 2136 juvenes
412 2054 609 2136 relinquendi
635 2054 766 2120 Scholas
797 2055 975 2138 indigenam
1005 2060 1038 2120 et
1060 2055 1119 2121 hcc
1142 2057 1234 2121 modo

112 2144 252 2208 buerunt
274 2144 429 2208 rationem
452 2161 515 2208 uon
537 2143 637 2208 solnm
660 2143 807 2208 trahendi
828 2143 870 2208 ad
893 2162 928 2208 se
946 2145 1093 2226 juvence,
1122 2144 1179 2209 sed
1201 2154 1235 2208 et

112 2236 191 2296 atres
223 2231 362 2310 illorum,
393 2232 506 2311 quibus
537 2236 603 2294 tum
630 2229 813 2312 frequenter
844 2231 1038 2296 distribuunt
1068 2231 1231 2313 imagines,

112 2320 265 2384 ‚mismate
295 2326 328 2384 et
350 2337 459 2384 cruces
486 2325 520 2384 et
547 2336 694 2398 coronas,
718 2325 751 2383 et
779 2320 825 2384 ita
846 2319 928 2384 istae
951 2319 1099 2384 mulieres
1121 2321 1234 2401 majori

112 2426 143 2471 m
176 2407 343 2486 desiderio,
372 2406 574 2488 frequentant
597 2406 723 2472 illorum
754 2405 928 2486 Ecclesiae,
964 2412 998 2470 et
1032 2425 1105 2472 mox
1126 2424 1234 2472 secum

112 2495 206 2559 ibunt
228 2495 312 2559 viros
335 2512 418 2572 suos,
443 2501 477 2559 et
499 2493 580 2560 filios
602 2500 635 2559 et
657 2495 736 2560 alios
759 2497 853 2560 etiam
876 2495 936 2560 sibi
959 2501 1061 2561 notos,

181 2592 211 2648 2.
246 2583 428 2648 Inconsulta
450 2581 611 2647 Ordinarii
638 2584 830 2649 auctoritate
853 2581 1044 2648 So'delitates
1065 2582 1236 2647 instituunt

112 2689 129 2735 o
152 2671 228 2734 viris
258 2677 291 2734 et
322 2670 506 2735 mulieribus
536 2671 595 2735 sub
618 2671 750 2736 diversis
781 2670 883 2736 titulis
914 2672 1010 2736 etad
1033 2671 1113 2736 istas
1136 2669 1235 2735 Soda-

111 2764 181 2823 ates
203 2759 340 2822 invitant
355 2758 541 2840 praesertim
563 2764 729 2839 magnates
752 2758 862 2840 populi
884 2765 917 2823 et
936 2759 1067 2825 ditiores
1090 2759 1234 2837 nationis,

129 2846 187 2925 ita,
210 2845 323 2910 relicta
337 2845 506 2912 sodalitate
525 2848 671 2927 propriae
686 2847 822 2910 nationis
837 2863 907 2910 sese
921 2847 1047 2911 irruunt
1060 2845 1145 2928 apud
1161 2846 1235 2911 mis·

112 2935 230 2998 marios
247 2933 365 3012 dictos3
387 2939 419 2998 et
435 2952 505 2999 cum
521 2933 750 2998 Maronitarum
766 2934 848 2998 ritus
863 2932 896 2996 in
910 2933 1053 3015 plurimis
1069 2932 1236 2998 cohaereat

112 3022 198 3100 atino,
220 3021 292 3086 ideo
315 3040 424 3086 omnes
448 3020 502 3102 qui
532 3021 603 3086 illos
629 3021 834 3103 frequentent
860 3020 893 3084 in
915 3021 1138 3102 spiritualibus
1160 3031 1236 3085 eunt

112 3111 270 3188 aronitae3
294 3116 328 3174 et
355 3109 397 3174 ad
419 3109 521 3190 magis
543 3109 615 3174 illos
633 3109 680 3174 ad
702 3127 737 3174 se
758 3107 932 3173 trahendos
955 3127 992 3172 eo
1016 3112 1235 3190 pervenerunt,

134 3197 167 3261 in
192 3215 250 3261 sua
272 3196 416 3262 Ecclesia
447 3202 580 3262 utantur
608 3197 717 3279 lingua
746 3197 877 3262 arabica
907 3201 940 3262 et
972 3197 1104 3262 canticis
1126 3197 1236 3262 Orien·

111 3285 193 3349 libus
217 3291 250 3350 et
270 3284 331 3350 hoc
354 3285 522 3365 praecipue
542 3286 576 3349 in
598 3285 818 3362 benedictione
840 3283 894 3350 SE.
918 3283 1116 3349 Sacramenti
1148 3290 1181 3348 et
1203 3285 1235 3347 in

112 3373 147 3437 lie
164 3373 465 3451 benedictionibus,
501 3379 534 3437 et
563 3373 829 3454 processionibus,
862 3377 896 3437 et
929 3373 1053 3438 cantica
1075 3373 1181 3436 omnia
1203 3372 1235 3435 in

112 3460 305 3526 »dalitatibus
328 3465 403 3524 suut
425 3461 457 3525 in
479 3460 588 3542 lingna
610 3461 738 3526 arabica
760 3459 914 3543 populari,
948 3467 980 3525 et
1001 3460 1121 3526 faciunt
1142 3460 1236 3524 etiam

112 3548 326 3613 medictionem
350 3547 530 3613 Palmarum
560 3553 595 3613 et
616 3547 732 3631 populo
755 3548 948 3614 distribuunt
976 3548 1062 3627 illos,
1087 3554 1121 3612 et
1143 3545 1236 3628 plura

112 3636 141 3700 ia
164 3635 213 3700 his
236 3635 350 3701 similia
372 3635 626 3724 faciunt'contra
643 3637 719 3717 jura
742 3636 965 3701 Parochorum.

183 3728 213 3787 3.
249 3722 328 3788 Cum
362 3722 473 3788 volunt
505 3724 703 3806 praedicare.
732 3725 767 3788 iu
800 3723 954 3802 Ecclesia,
989 3723 1080 3804 quasi
1112 3739 1237 3802 semper

112 3809 215 3891 ligunt
235 3811 324 3876 illam
346 3811 446 3892 ipsam
469 3811 577 3876 horam
602 3830 665 3892 qua
686 3812 718 3876 in
738 3811 879 3878 Ecclesia
901 3810 1077 3876 Parocbiali
1100 3809 1237 3874 babetur

112 3900 197 3975 ucio,
221 3905 254 3964 et
277 3900 470 3964 circumeunt
493 3899 601 3964 domos
632 3905 817 3981 magnatum
841 3906 874 3964 ct
896 3899 1044 3964 ditiorum
1065 3897 1237 3962 invitantes

112 4004 148 4051 os
171 3987 212 4050 ad
236 3986 425 4051 audiendam
449 3986 630 4052 concionem
661 3986 746 4069 apud
768 4005 832 4066 eos,
857 3993 890 4052 et
912 3987 1093 4052 concionem
1107 3984 1237 4050 'faciunt

132 4074 241 4156 lingua
262 4074 393 4139 arabica
415 4093 509 4156 quam
537 4093 599 4140 non
629 4074 758 4154 callent,
789 4076 836 4140 ita
857 4080 894 4139 ut
920 4074 1056 4139 excitent
1077 4072 1237 4140 auditores

112 4161 334 4242 lirrisiouem,
366 4163 471 4244 potins
498 4180 590 4244 quam
620 4162 774 4246 colligant
802 4161 925 4228 tructus
950 4160 1148 4242 spirituales3
1181 4163 1238 4227 sed

132 4249 218 4330 quod
249 4249 374 4315 tristius
404 4255 468 4329 est,
499 4249 641 4333 plerique
668 4252 804 4333 juvenes
832 4256 866 4314 et
886 4248 1011 4330 puellae
1033 4247 1238 4330 nequentant

112 4356 204 4403 orum
227 4336 402 4403 Ecclesiam
425 4343 462 4404 ut
480 4338 606 4419 possint
627 4337 758 4403 liberius
779 4355 889 4403 eecrrrn
911 4337 1044 4402 invicem
1067 4340 1237 4404 communi
