2872 4874
531 310 570 356 nr
593 311 689 357 annus
713 309 899 359 nocurncrs
941 288 944 296 '

497 484 549 551 De
565 490 724 567 potestate
747 485 923 552 saeculari.

239 627 368 693 Placeat
390 624 530 692 Concilio
554 626 709 692 Vaticano
733 627 895 692 declarare
918 645 1000 708 qnae
1022 633 1213 708 sequuntur:

153 723 159 733 “
244 722 270 778 1.
304 713 453 781 Potestas
475 714 646 779 saecularis
674 715 828 796 originem
852 733 871 778 a
895 714 961 779 Deo
983 713 1088 794 habet,
1112 714 1187 781 lieet
1208 715 1292 779 indi·

132 809 236 880 recte3
258 804 305 868 its
326 811 363 867 ut
385 803 480 868 etiam
504 821 523 867 a
551 801 668 884 populo
692 802 784 868 electi
806 821 901 884 reges
920 804 993 884 jnre
1017 802 1120 867 divino
1144 809 1288 885 regnent.

239 895 268 955 2.
301 889 406 972 Leges
435 890 543 955 ciuiles
574 890 638 971 legi
660 890 809 971 naturali,
843 891 969 956 divinae
996 896 1029 956 et
1056 890 1290 957 ecclesiasticae

137 997 196 1044 non
220 978 448 1056 contradicant,
477 979 534 1044 sed
556 978 803 1055 conformentur3
837 996 930 1043 secus
952 977 1111 1043 invalidae
1132 986 1207 1043 sunt
1229 997 1289 1044 nec

140 1067 358 1132 eomcientiam
381 1065 533 1149 obligant.

237 1162 266 1220 a
299 1153 446 1221 Potestas
467 1154 640 1221 saecularis
662 1155 814 1237 potestati
836 1154 1073 1220 ecclesiasticae
1095 1155 1224 1236 ejusque
1246 1155 1295 1219 in-

142 1243 252 1307 sb'tntis
271 1248 305 1308 et
327 1243 452 1325 legibus
474 1244 705 1325 protectionem
728 1249 760 1309 et
783 1242 955 1308 subsidium
979 1243 1084 1308 debet.

237 1338 268 1397 4.
302 1331 451 1396 Potestas
473 1329 646 1396 saecularis
677 1349 758 1409 ,non
781 1331 848 1394 sine
872 1348 968 1395 causa
990 1330 1129 1412 gladium
1153 1334 1291 1411 portat“‚

147 1416 263 1499 ideoque
281 1420 336 1501 jus
359 1424 393 1483 et
415 1417 549 1484 cilicium
573 1420 641 1501 ejus
664 1425 724 1498 est,
753 1418 852 1484 bonos
875 1420 967 1498 tueri,
996 1418 1097 1484 malos
1119 1419 1292 1500 reprimere

149 1507 306 1586 etpnnirc.

236 1599 265 1659 5.
300 1594 439 1660 Poenam
466 1595 631 1676 capitalem
664 1595 696 1659 in
732 1600 820 1659 certa
851 1595 981 1659 crimina
1012 1595 1168 1675 graviora,
1200 1612 1293 1676 prae·

151 1681 240 1745 sertim
254 1681 467 1762 homicidium,
491 1682 650 1747 statuendi
666 1689 807 1763 potestas
823 1682 995 1746 saecularis
1015 1682 1067 1762 jus
1083 1680 1181 1747 habet
1197 1682 1291 1762 idque

153 1768 286 1851 lirinum,
321 1773 411 1853 cnjus
444 1772 628 1835 exercitium
663 1769 767 1851 legale
801 1776 833 1835 et
868 1770 1065 1834 moderatum
1099 1769 1140 1833 ad
1174 1769 1292 1834 bonnm

102 1854 105 1937 ξ
154 1872 291 1922 ommune
314 1860 473 1923 societatis
496 1859 678 1938 requiritur,
712 1864 746 1922 et
767 1859 906 1938 ipsorum
930 1875 1055 1922 reorum
1077 1857 1173 1922 saluti
1198 1876 1294 1939 gene·

102 1942 105 2049 l
156 1942 239 2008 raliter
261 1946 420 2011 conducit.

239 2067 359 2134 Romae
383 2069 435 2134 die
457 2072 476 2133 9
501 2068 646 2135 tannarii
673 2072 766 2135 1870.

463 2384 512 2450 De
534 2385 749 2450 instructione
765 2385 958 2466 jacomutio.

239 2523 368 2589 Placeat
391 2520 530 2591 Concilio
553 2525 708 2590 Vaticano
731 2524 892 2589 declarare
915 2543 996 2606 quae
1019 2528 1209 2606 sequuntur:

239 2609 450 2679 Christianam
468 2613 666 2696 juventutem
691 2611 826 2678 educare
849 2631 886 2678 ac
910 2613 1066 2678 instruere
1089 2609 1292 2677 ecclesiastici

150 2699 303 2780 magisterii
328 2704 395 2781 est;
420 2700 503 2765 uude
526 2700 651 2766 scholas
675 2700 918 2766 christianorum
943 2700 1075 2783 erigere,
1100 2700 1236 2781 dirigere
1257 2705 1293 2785 ct

147 2783 293 2869 inspicere,
309 2789 478 2870 magistros
494 2786 642 2871 deligere,
667 2789 855 2870 approbare,
872 2789 973 2871 iisque
989 2788 1170 2869 invigilare3
1193 2786 1291 2852 libros

102 2884 104 2891 ’
148 2872 338 2941 scholasticos
360 2876 550 2956 examinare,
575 2877 761 2960 approbare,
785 2877 1018 2960 praescribere:
1052 2876 1093 2939 ad
1116 2873 1293 2957 episcopale

146 2957 267 3029 officium
289 2971 322 3029 et
343 2964 542 3030 sacerdotale
564 2965 773 3029 ministerium
796 2966 941 3046 pertinet,
966 2982 1062 3045 aquo
1086 2963 1153 3029 solu
1175 2961 1294 3028 familia

146 3047 302 3118 christiana
317 3052 349 3117 in
365 3052 538 3119 educandis
554 3058 586 3118 ct
600 3052 801 3118 instituendis
816 3053 924 3118 liberis
940 3051 1097 3133 dependet
1111 3055 1145 3115 et
1159 3051 1294 3133 regitur.

242 3174 359 3242 Romae
382 3175 433 3241 die
458 3182 499 3242 10
522 3175 667 3241 ianuarii
696 3180 789 3242 1870.

463 3489 514 3556 De
537 3492 584 3555 sic
607 3492 702 3556 dictis
724 3491 955 3556 Libertatibos.

245 3629 372 3696 Placeat
387 3629 596 3697 Oecumenico
613 3629 752 3697 Concilio
768 3633 922 3697 Vaticano
939 3631 1102 3713 sequentia
1118 3631 1292 3698 declarare:

244 3716 388 3782 Libertas
411 3719 622 3784 conscientiae
644 3726 676 3784 et
699 3719 812 3800 cultus,
836 3724 931 3801 atque
950 3721 1003 3802 jus
1025 3719 1171 3801 publicae
1194 3720 1295 3784 mani-

148 3798 307 3871 festationis
333 3807 560 3888 cogitationum
589 3812 645 3871 aut
667 3809 847 3888 opinionum
879 3825 941 3871 non
963 3805 1083 3872 habent
1109 3806 1212 3873 locum
1236 3825 1294 3871 nec

148 3887 242 3956 ralcnt
261 3899 369 3959 contra
384 3893 546 3960 Ecclesiae
562 3893 791 3976 Magisterinm,
815 3896 899 3978 quod
915 3895 1137 3961 conscientiam
1162 3894 1292 3974 obligat,

150 3974 425 4133 ἓιιΙῑιιιιιὼείηοθτυιη
440 3983 500 4048 Dei
516 3983 714 4059 determinat,
739 3991 773 4048 et
788 4002 895 4048 omnes
909 3983 1178 4048 manifestationes
1201 3983 1294 4065 spiri-

162 4078 227 4130 uum
269 4069 406 4153 ‘judicat

245 4191 363 4259 Romae
386 4192 438 4258 die
462 4200 498 4258 11
525 4192 670 4258 Junuarii
695 4196 789 4283 1879.

610 4387 762 4396 ——--1
