2872 4874
115 311 178 371 248
608 320 787 368 nomnium

115 463 249 529 ducendi
273 461 366 528 modo
389 469 522 544 apparet
544 467 580 525 ut
603 465 805 547 nonpossint
827 459 898 542 plus
922 461 1101 526 conversari
1124 461 1184 525 nisi
1203 480 1259 527 cum

114 550 186 632 illis,
210 551 264 632 qui
287 548 402 615 callent
424 550 567 632 linguam
589 551 753 636 gallicam,
787 553 821 616 et
841 548 916 612 inde
939 549 1067 614 omnino
1089 567 1125 613 se
1147 549 1259 615 dautin

115 638 371 705 conversationes
399 635 579 703 francorum
612 641 665 721 qni
688 639 788 705 Beriti
816 636 1036 702 inveniuntur:
1071 641 1105 701 et
1134 655 1200 702 cum
1217 637 1259 702 isti

114 727 179 793 sint
201 726 351 807 expoliati
383 727 527 791 omnibus
549 727 722 809 Religionis
754 724 900 791 sensibus
933 729 966 790 et
996 724 1141 806 plerique
1172 743 1207 789 ex
1224 726 1258 788 eis

114 814 181 880 veri
204 813 322 880 inimici
344 813 528 896 Religionis,
553 814 624 881 illos
642 816 776 897 juvenes
801 817 1006 894 corrumpunt
1029 811 1188 891 scandalo,
1209 811 1259 876 dis·

115 901 284 967 tribuendo
308 901 370 965 illis
388 901 487 966 libros
509 900 685 983 pestiferos,
708 901 902 984 irreligiosos
922 905 955 964 et
976 899 1168 980 immorales,
1189 900 1258 965 etin

114 989 290 1054 irrisionem
315 993 486 1068 vertentes,
511 989 609 1055 veluti
632 989 865 1073 ephemerides
888 987 996 1052 omnia
1017 988 1072 1068 pia
1094 987 1258 1053 clericorum

115 1095 233 1161 opera,
264 1080 297 1141 et
319 1077 372 1141 isti
393 1075 524 1158 juvenes
557 1076 708 1144 facillime
742 1075 897 1157 corrupti,
932 1074 1096 1140 multoties
1127 1083 1260 1156 superant

114 1164 242 1230 illorum
266 1164 435 1246 magistros
463 1165 496 1229 in
518 1165 648 1246 malitia,
681 1165 776 1232 sicuti
799 1165 839 1230 de
868 1161 954 1229 facto
976 1163 1092 1229 evcnit.
1138 1162 1186 1228 Ne
1204 1163 1260 1245 quis

114 1257 208 1405 putet
229 1252 425 1317 hoodictum
446 1251 544 1318 fuisse
564 1253 672 1320 latiori
695 1252 799 1334 modo,
822 1251 879 1317 sed
894 1251 1004 1318 stricte
1026 1269 1138 1316 verum
1160 1251 1260 1317 dictum
1289 1296 1290 1300 =

128 1340 184 1420 uit,
208 1345 241 1404 et
264 1357 370 1404 omnes
393 1339 511 1404 alumni
533 1341 647 1407 horum
662 1340 867 1423 collegiorum
890 1344 965 1404 sunt
979 1337 1163 1419 hujusmodi
1182 1337 1261 1405 etad

115 1445 272 1492 summum
297 1432 315 1490 5
338 1428 421 1492 inter
451 1433 575 1494 centum
607 1428 785 1495 enumerari
815 1433 950 1511 possunt
979 1444 1104 1507 eorum,
1129 1425 1261 1508 quivere

115 1520 303 1597 permanent
318 1512 520 1581 conficientes
536 1535 633 1598 opera
648 1517 832 1582 bonevitae
847 1514 1015 1598 religiosae
1031 1514 1146 1597 digna3
1167 1512 1262 1593 reliqui

116 1620 192 1668 vero
214 1621 276 1666 min
300 1602 401 1667 solum
424 1605 578 1686 corrupti,
611 1604 787 1670 sedetiam
816 1603 933 1668 multos
956 1602 1117 1684 simplices
1141 1618 1263 1667 corrum-

117 1695 198 1772 punt
221 1691 274 1772 qui
296 1692 342 1755 eis
365 1696 439 1755 sunt
461 1691 589 1759 addicti.

221 1781 264 1842 At
305 1780 465 1843 videamus
499 1798 583 1845 nunc
617 1797 774 1861 quaenam
807 1777 983 1843 differentia
1016 1778 1060 1842 sit
1081 1777 1169 1842 inter
1198 1777 1263 1840 istos

116 1865 260 1930 alumnos
283 1871 316 1931 et
337 1867 421 1931 inter
443 1866 587 1932 alumnos
610 1866 874 1932 Protestantium:
898 1865 991 1946 primi
1010 1865 1096 1929 enim
1116 1866 1184 1948 Jam
1204 1862 1263 1929 inde

116 1972 136 2018 a
166 1953 298 2018 decessu
331 1954 370 2018 de
401 1954 534 2036 collegio
568 1955 711 2021 totaliter
745 1973 780 2020 se
814 1953 978 2020 declarant
1008 1958 1120 2018 contra
1154 1951 1263 2017 illorum

116 2042 300 2123 magistros,
325 2047 358 2105 et
381 2046 493 2107 contra
515 2043 599 2124 ipsos
622 2061 696 2108 suos
725 2041 1011 2124 comeligionarios3
1041 2046 1077 2105 at
1107 2039 1264 2105 secundis

116 2136 228 2194 contra
257 2129 499 2210 patrocinantur
528 2132 594 2196 suis
624 2130 785 2212 magistris
819 2135 852 2193 et
873 2129 999 2193 illorum
1023 2127 1223 2210 dogmatibus
1241 2131 1266 2190 et

117 2235 225 2282 omnes
248 2234 322 2282 suas
343 2217 427 2282 vires
450 2223 572 2298 ponunt
594 2219 635 2283 ad
658 2218 737 2284 alios
760 2217 981 2282 adducendum
1003 2217 1209 2281 memorem

222 2304 324 2370 Credo
347 2323 422 2370 vero
451 2306 538 2370 istud
568 2305 738 2371 discrimen
768 2305 934 2388 provenire
964 2323 1004 2370 ex
1024 2322 1063 2369 eo
1097 2303 1185 2385 quod
1205 2302 1268 2367 Pro

116 2395 271 2457 testantes
293 2392 481 2458 inducendo
504 2411 566 2458 non
589 2399 657 2458 tam
674 2393 861 2459 incumbunt
881 2393 914 2456 in
929 2390 1071 2474 linguam
1094 2391 1268 2464 docendum,

115 2497 211 2562 quam
227 2479 267 2543 ad
284 2497 359 2544 suos
374 2478 519 2544 alumnos
533 2480 720 2546 imbuendos
736 2481 898 2562 principiis
913 2479 1087 2561 religiosis;
1108 2478 1144 2542 hi
1166 2477 1269 2543 deinde

117 2586 179 2633 non
203 2567 411 2648 egrediuntur
440 2566 571 2647 collegio
599 2575 674 2632 ante
702 2573 838 2633 aetatem
867 2572 906 2631 21
932 2571 965 2632 et
986 2565 1112 2632 illorum
1138 2564 1272 2648 magistri

117 2672 180 2720 non
204 2655 352 2719 desinunt
383 2653 454 2720 illos
485 2655 640 2737 inspicere
671 2661 705 2720 et
732 2654 933 2737 frequentare
961 2657 996 2718 et
1024 2653 1088 2718 illis
1111 2670 1273 2736 procurare

118 2739 231 2820 officia,
255 2747 288 2806 et
311 2741 407 2806 etiam
430 2742 462 2806 in
485 2741 612 2808 illorum
636 2743 776 2825 collegiis
804 2762 867 2808 non
890 2742 1063 2807 attendunt
1084 2739 1274 2807 multitudini

118 2828 318 2893 alumnorum
339 2835 471 2911 propter
494 2831 668 2913 temporale
691 2830 823 2910 lucmm,
847 2830 939 2896 sicuti
955 2828 1077 2895 faciunt
1091 2827 1275 2895 missionarii

119 2915 274 2999 catholici,
306 2918 382 2997 quia
404 2919 504 3000 gratis
539 2919 651 2984 docent
682 2936 808 2996 omnes;
840 2923 874 2982 et
896 2918 966 2982 ideo
997 2917 1038 2981 ad
1070 2917 1136 2982 ista
1167 2917 1277 2983 damna

118 3002 258 3069 tollenda
281 3005 375 3071 credo
397 3007 503 3087 potius
526 3006 693 3073 convenire
721 3011 758 3070 ut
779 3005 954 3070 inculcetur
975 3003 1124 3087 specialis
1148 3005 1277 3069 instruo·

118 3091 165 3157 tio
187 3092 219 3155 in
249 3091 324 3157 fidei
352 3093 542 3159 rudimentis
574 3093 674 3158 multo
702 3089 822 3175 magis,
854 3111 947 3174 quam
977 3092 1010 3156 in
1032 3092 1217 3174 linguarum
1238 3091 1279 3157 in

118 3179 301 3245 structione.

225 3265 370 3332 Secundo
393 3266 490 3332 debet
520 3268 734 3334 commendari
762 3268 832 3331 istis
862 3266 1005 3347 collegiis
1033 3267 1119 3347 quod
1143 3285 1209 3333 non
1230 3265 1280 3331 ad·

119 3352 288 3418 mittantur
309 3355 342 3418 in
373 3355 442 3435 ipsa
469 3355 602 3436 juvenes
634 3357 695 3421 nisi
727 3359 834 3421 aetate
862 3359 900 3419 16
924 3359 956 3419 et
985 3372 1048 3419 non
1079 3355 1280 3434 egrediantur

120 3439 253 3522 collegio
276 3445 351 3506 ante
375 3446 414 3505 21
441 3460 557 3508 annum
580 3443 696 3509 aetatis
720 3460 806 3507 suae.

225 3527 350 3592 Deinde
381 3546 511 3609 prorsus
537 3531 662 3597 excludi
694 3530 788 3596 debet
820 3528 957 3593 mixtura
986 3527 1224 3595 haereticorum
1252 3532 1280 3593 et

117 3610 291 3680 infidelium
306 3632 376 3679 cum
399 3614 534 3682 alumnis
557 3619 729 3684 catholicis.

225 3701 350 3767 Deinde
380 3702 543 3784 multiplex
569 3706 767 3772 alumnorum
797 3720 947 3769 numerus
982 3702 1077 3768 debet
1109 3703 1214 3785 redigi
1243 3701 1280 3767 ad

119 3788 313 3868 pauciorem,
337 3792 370 3853 et
392 3789 462 3855 ideo
485 3792 637 3875 quidquid
659 3799 806 3875 superest
828 3810 866 3856 ex
888 3789 1098 3872 eleemosynis
1125 3791 1281 3857 societatis

119 3872 299 3945 scholarum
322 3875 520 3943 orientalium
547 3881 685 3963 impendi
714 3880 810 3945 debet
838 3877 984 3944 inlibris
1012 3877 1232 3960 imprimendis
1252 3885 1281 3942 et

1 3987 2 3995 ¹
119 3960 222 4039 gratis
245 3960 481 4028 distribuendis.
1241 4002 1244 4009 -

194 4128 197 4134 .
227 4043 308 4113 Cum
331 4065 404 4113 vero
426 4049 577 4135 pleraque
598 4057 661 4121 ista
684 4056 799 4121 damna
821 4052 1009 4136 proveniant
1030 4070 1050 4117 a
1070 4049 1248 4119 Societatib

13 4143 20 4180 ὲ
119 4126 282 4214 Europae,
303 4132 374 4198 ideo
397 4137 494 4203 etiam
508 4141 662 4209 zelatores
686 4141 834 4211 oatbolici
857 4141 1005 4220 Europae
1028 4138 1146 4205 debent
1159 4139 1280 4206 fortiter

120 4232 266 4301 pugnare
289 4219 372 4285 vires
392 4221 561 4297 infernales
583 4231 693 4296 mediis
709 4227 946 4295 efficacioribus.
991 4226 1106 4293 Oriens
1130 4227 1217 4293 enim
1234 4226 1279 4291 rix

117 4309 225 4386 potest
247 4304 402 4370 resistere
423 4310 454 4372 vi
476 4311 635 4396 indigena.
