<?xml version="1.0" encoding="UTF-8"?>
<!DOCTYPE html PUBLIC "-//W3C//DTD XHTML 1.0 Transitional//EN"
    "http://www.w3.org/TR/xhtml1/DTD/xhtml1-transitional.dtd">
<html xmlns="http://www.w3.org/1999/xhtml" xml:lang="en" lang="en">
 <head>
  <title>
</title>
<meta http-equiv="Content-Type" content="text/html;charset=utf-8" />
  <meta name='ocr-system' content='tesseract 3.04.00' />
  <meta name='ocr-capabilities' content='ocr_page ocr_carea ocr_par ocr_line ocrx_word'/>
</head>
<body>
  <div class='ocr_page' id='page_1' title='image "./omniumconciliiv00martgoog_0180.png"; bbox 0 0 2872 4874; ppageno 0'>
   <div class='ocr_carea' id='block_1_1' title="bbox 564 309 1272 369">
    <p class='ocr_par' dir='ltr' id='par_1_1' title="bbox 564 309 1272 369">
     <span class='ocr_line' id='line_1_1' title="bbox 564 309 1272 369; baseline 0.003 -2"><span class='ocrx_word' id='word_1_1' title='bbox 564 323 602 367; x_wconf 84' lang='lat' dir='ltr'>rm</span> <span class='ocrx_word' id='word_1_2' title='bbox 627 322 807 369; x_wconf 74' lang='lat' dir='ltr'>luscll&#39;hlrll.</span> <span class='ocrx_word' id='word_1_3' title='bbox 1213 309 1272 369; x_wconf 78' lang='lat'>167</span> 
     </span>
    </p>
   </div>
   <div class='ocr_carea' id='block_1_2' title="bbox 92 460 1276 1245">
    <p class='ocr_par' dir='ltr' id='par_1_2' title="bbox 92 460 1276 1245">
     <span class='ocr_line' id='line_1_2' title="bbox 92 460 1276 544; baseline 0.001 -19"><span class='ocrx_word' id='word_1_4' title='bbox 92 528 95 535; x_wconf 71' lang='grc'><strong>,</strong></span> <span class='ocrx_word' id='word_1_5' title='bbox 139 460 242 526; x_wconf 79' lang='lat' dir='ltr'>batuam</span> <span class='ocrx_word' id='word_1_6' title='bbox 265 468 445 526; x_wconf 84' lang='lat' dir='ltr'>nostrorum</span> <span class='ocrx_word' id='word_1_7' title='bbox 469 469 686 543; x_wconf 89' lang='lat' dir='ltr'>separatorum</span> <span class='ocrx_word' id='word_1_8' title='bbox 709 462 897 539; x_wconf 76' lang='lat' dir='ltr'>allaborant,</span> <span class='ocrx_word' id='word_1_9' title='bbox 922 460 970 525; x_wconf 89' lang='lat' dir='ltr'>vel</span> <span class='ocrx_word' id='word_1_10' title='bbox 987 461 1163 526; x_wconf 76' lang='lat' dir='ltr'>allaborare</span> <span class='ocrx_word' id='word_1_11' title='bbox 1187 468 1276 544; x_wconf 89' lang='lat' dir='ltr'>pote-</span> 
     </span>
     <span class='ocr_line' id='line_1_3' title="bbox 92 548 1275 632; baseline 0.001 -19"><span class='ocrx_word' id='word_1_12' title='bbox 92 563 94 569; x_wconf 77' lang='grc'>’</span> <span class='ocrx_word' id='word_1_13' title='bbox 140 558 200 613; x_wconf 89' lang='lat' dir='ltr'>rut.</span> <span class='ocrx_word' id='word_1_14' title='bbox 240 548 339 632; x_wconf 79' lang='lat' dir='ltr'>Cujus</span> <span class='ocrx_word' id='word_1_15' title='bbox 362 549 503 631; x_wconf 88' lang='lat' dir='ltr'>proiecto</span> <span class='ocrx_word' id='word_1_16' title='bbox 527 550 709 613; x_wconf 82' lang='lat' dir='ltr'>directionis</span> <span class='ocrx_word' id='word_1_17' title='bbox 737 549 789 613; x_wconf 89' lang='lat' dir='ltr'>hic</span> <span class='ocrx_word' id='word_1_18' title='bbox 813 561 896 612; x_wconf 80' lang='lat' dir='ltr'>esset</span> <span class='ocrx_word' id='word_1_19' title='bbox 918 549 1022 627; x_wconf 90' lang='lat' dir='ltr'>cardo,</span> <span class='ocrx_word' id='word_1_20' title='bbox 1046 555 1083 614; x_wconf 86' lang='lat' dir='ltr'>ut</span> <span class='ocrx_word' id='word_1_21' title='bbox 1106 567 1180 628; x_wconf 79' lang='lat' dir='ltr'>erga</span> <span class='ocrx_word' id='word_1_22' title='bbox 1203 567 1275 614; x_wconf 88' lang='lat' dir='ltr'>aca-</span> 
     </span>
     <span class='ocr_line' id='line_1_4' title="bbox 96 636 1276 718; baseline 0.001 -18"><span class='ocrx_word' id='word_1_23' title='bbox 96 700 100 708; x_wconf 84' lang='grc'><strong>,</strong></span> <span class='ocrx_word' id='word_1_24' title='bbox 142 636 253 716; x_wconf 90' lang='lat' dir='ltr'>tlohcos,</span> <span class='ocrx_word' id='word_1_25' title='bbox 287 638 403 718; x_wconf 88' lang='lat' dir='ltr'>quide</span> <span class='ocrx_word' id='word_1_26' title='bbox 436 638 539 703; x_wconf 90' lang='lat' dir='ltr'>reditu</span> <span class='ocrx_word' id='word_1_27' title='bbox 573 638 614 701; x_wconf 91' lang='lat' dir='ltr'>ad</span> <span class='ocrx_word' id='word_1_28' title='bbox 639 636 800 702; x_wconf 73' lang='lat' dir='ltr'>Ecclesiae</span> <span class='ocrx_word' id='word_1_29' title='bbox 831 638 986 718; x_wconf 76' lang='lat' dir='ltr'>gremium</span> <span class='ocrx_word' id='word_1_30' title='bbox 1015 637 1170 717; x_wconf 84' lang='lat' dir='ltr'>cogitant,</span> <span class='ocrx_word' id='word_1_31' title='bbox 1204 654 1276 701; x_wconf 93' lang='lat' dir='ltr'>cum</span> 
     </span>
     <span class='ocr_line' id='line_1_5' title="bbox 92 724 1275 805; baseline -0.006 -11"><span class='ocrx_word' id='word_1_32' title='bbox 92 754 105 796; x_wconf 75' lang='lat'>3:</span> <span class='ocrx_word' id='word_1_33' title='bbox 142 726 247 790; x_wconf 83' lang='lat' dir='ltr'>uarima</span> <span class='ocrx_word' id='word_1_34' title='bbox 269 725 438 795; x_wconf 77' lang='lat' dir='ltr'>charitate,</span> <span class='ocrx_word' id='word_1_35' title='bbox 469 724 679 805; x_wconf 71' lang='lat' dir='ltr'>indulgentia,</span> <span class='ocrx_word' id='word_1_36' title='bbox 711 727 772 789; x_wconf 92' lang='lat' dir='ltr'>imo</span> <span class='ocrx_word' id='word_1_37' title='bbox 796 732 829 788; x_wconf 91' lang='lat' dir='ltr'>et</span> <span class='ocrx_word' id='word_1_38' title='bbox 853 726 1031 789; x_wconf 91' lang='lat' dir='ltr'>reverentia</span> <span class='ocrx_word' id='word_1_39' title='bbox 1055 743 1179 805; x_wconf 86' lang='lat' dir='ltr'>semper</span> <span class='ocrx_word' id='word_1_40' title='bbox 1202 743 1275 805; x_wconf 85' lang='lat' dir='ltr'>age·</span> 
     </span>
     <span class='ocr_line' id='line_1_6' title="bbox 97 811 1274 893; baseline 0 -16"><span class='ocrx_word' id='word_1_41' title='bbox 97 856 100 865; x_wconf 89' lang='lat'>-</span> <span class='ocrx_word' id='word_1_42' title='bbox 144 819 217 891; x_wconf 81' lang='lat' dir='ltr'>ntur,</span> <span class='ocrx_word' id='word_1_43' title='bbox 246 831 305 878; x_wconf 90' lang='lat' dir='ltr'>nec</span> <span class='ocrx_word' id='word_1_44' title='bbox 336 811 377 876; x_wconf 91' lang='lat' dir='ltr'>ab</span> <span class='ocrx_word' id='word_1_45' title='bbox 401 815 447 876; x_wconf 91' lang='lat' dir='ltr'>cis</span> <span class='ocrx_word' id='word_1_46' title='bbox 480 831 619 893; x_wconf 90' lang='lat' dir='ltr'>unquam</span> <span class='ocrx_word' id='word_1_47' title='bbox 653 812 772 893; x_wconf 88' lang='lat' dir='ltr'>aliquid</span> <span class='ocrx_word' id='word_1_48' title='bbox 800 815 924 892; x_wconf 77' lang='lat' dir='ltr'>exigere</span> <span class='ocrx_word' id='word_1_49' title='bbox 954 813 1035 875; x_wconf 92' lang='lat' dir='ltr'>ullus</span> <span class='ocrx_word' id='word_1_50' title='bbox 1058 819 1274 893; x_wconf 87' lang='lat' dir='ltr'>praesumeret</span> 
     </span>
     <span class='ocr_line' id='line_1_7' title="bbox 92 898 1276 982; baseline -0.005 -13"><span class='ocrx_word' id='word_1_51' title='bbox 92 928 106 969; x_wconf 70' lang='lat' dir='ltr'>r</span> <span class='ocrx_word' id='word_1_52' title='bbox 145 907 239 982; x_wconf 87' lang='lat' dir='ltr'>praeter</span> <span class='ocrx_word' id='word_1_53' title='bbox 267 918 411 981; x_wconf 84' lang='lat' dir='ltr'>eaquae</span> <span class='ocrx_word' id='word_1_54' title='bbox 443 902 623 965; x_wconf 87' lang='lat' dir='ltr'>neccssaria</span> <span class='ocrx_word' id='word_1_55' title='bbox 646 908 736 978; x_wconf 83' lang='lat' dir='ltr'>suut,</span> <span class='ocrx_word' id='word_1_56' title='bbox 772 905 807 964; x_wconf 89' lang='lat' dir='ltr'>ut</span> <span class='ocrx_word' id='word_1_57' title='bbox 829 919 903 964; x_wconf 89' lang='lat' dir='ltr'>vere</span> <span class='ocrx_word' id='word_1_58' title='bbox 933 901 964 963; x_wconf 94' lang='lat' dir='ltr'>in</span> <span class='ocrx_word' id='word_1_59' title='bbox 996 898 1057 963; x_wconf 85' lang='lat' dir='ltr'>fide</span> <span class='ocrx_word' id='word_1_60' title='bbox 1088 908 1121 964; x_wconf 92' lang='lat' dir='ltr'>et</span> <span class='ocrx_word' id='word_1_61' title='bbox 1151 900 1276 963; x_wconf 89' lang='lat' dir='ltr'>unitate</span> 
     </span>
     <span class='ocr_line' id='line_1_8' title="bbox 139 987 1276 1069; baseline -0.003 -14.159"><span class='ocrx_word' id='word_1_62' title='bbox 139 987 266 1053; x_wconf 77' lang='lat' dir='ltr'>catholica</span> <span class='ocrx_word' id='word_1_63' title='bbox 292 989 364 1069; x_wconf 89' lang='lat' dir='ltr'>quis</span> <span class='ocrx_word' id='word_1_64' title='bbox 398 989 528 1053; x_wconf 80' lang='lat' dir='ltr'>existat:</span> <span class='ocrx_word' id='word_1_65' title='bbox 564 991 608 1052; x_wconf 91' lang='lat' dir='ltr'>sic</span> <span class='ocrx_word' id='word_1_66' title='bbox 644 989 726 1051; x_wconf 91' lang='lat' dir='ltr'>enim</span> <span class='ocrx_word' id='word_1_67' title='bbox 760 987 868 1052; x_wconf 84' lang='lat' dir='ltr'>forsan</span> <span class='ocrx_word' id='word_1_68' title='bbox 897 990 1038 1053; x_wconf 88' lang='lat' dir='ltr'>eveniret</span> <span class='ocrx_word' id='word_1_69' title='bbox 1066 995 1101 1050; x_wconf 83' lang='lat' dir='ltr'>ut</span> <span class='ocrx_word' id='word_1_70' title='bbox 1134 987 1276 1051; x_wconf 90' lang='lat' dir='ltr'>redirent</span> 
     </span>
     <span class='ocr_line' id='line_1_9' title="bbox 92 1074 1275 1158; baseline -0.003 -15"><span class='ocrx_word' id='word_1_71' title='bbox 92 1104 104 1143; x_wconf 82' lang='lat' dir='ltr'>r</span> <span class='ocrx_word' id='word_1_72' title='bbox 147 1075 213 1147; x_wconf 78' lang='lat' dir='ltr'>uulli,</span> <span class='ocrx_word' id='word_1_73' title='bbox 241 1084 272 1140; x_wconf 88' lang='lat' dir='ltr'>et</span> <span class='ocrx_word' id='word_1_74' title='bbox 294 1077 427 1141; x_wconf 90' lang='lat' dir='ltr'>reduces</span> <span class='ocrx_word' id='word_1_75' title='bbox 461 1078 521 1158; x_wconf 91' lang='lat' dir='ltr'>ipsi</span> <span class='ocrx_word' id='word_1_76' title='bbox 544 1077 622 1140; x_wconf 87' lang='lat' dir='ltr'>alios</span> <span class='ocrx_word' id='word_1_77' title='bbox 648 1077 865 1154; x_wconf 64' lang='lat' dir='ltr'>reducerent,</span> <span class='ocrx_word' id='word_1_78' title='bbox 884 1074 1091 1157; x_wconf 79' lang='lat' dir='ltr'>subindeque,</span> <span class='ocrx_word' id='word_1_79' title='bbox 1124 1079 1195 1156; x_wconf 93' lang='lat' dir='ltr'>post</span> <span class='ocrx_word' id='word_1_80' title='bbox 1225 1093 1275 1139; x_wconf 86' lang='lat' dir='ltr'>re-</span> 
     </span>
     <span class='ocr_line' id='line_1_10' title="bbox 94 1163 1275 1245; baseline 0.003 -20"><span class='ocrx_word' id='word_1_81' title='bbox 94 1171 98 1179; x_wconf 81' lang='grc'>’</span> <span class='ocrx_word' id='word_1_82' title='bbox 148 1163 222 1239; x_wconf 83' lang='lat' dir='ltr'>lituu,</span> <span class='ocrx_word' id='word_1_83' title='bbox 245 1164 397 1245; x_wconf 88' lang='lat' dir='ltr'>paulatim</span> <span class='ocrx_word' id='word_1_84' title='bbox 422 1164 462 1228; x_wconf 89' lang='lat' dir='ltr'>ad</span> <span class='ocrx_word' id='word_1_85' title='bbox 485 1163 684 1245; x_wconf 84' lang='lat' dir='ltr'>perfectiora,</span> <span class='ocrx_word' id='word_1_86' title='bbox 716 1165 820 1244; x_wconf 78' lang='lat' dir='ltr'>gratia</span> <span class='ocrx_word' id='word_1_87' title='bbox 844 1164 1039 1241; x_wconf 80' lang='lat' dir='ltr'>sublevante,</span> <span class='ocrx_word' id='word_1_88' title='bbox 1064 1170 1275 1244; x_wconf 85' lang='lat' dir='ltr'>assurgerent.</span> 
     </span>
    </p>
   </div>
   <div class='ocr_carea' id='block_1_3' title="bbox 92 1267 1277 2139">
    <p class='ocr_par' dir='ltr' id='par_1_3' title="bbox 92 1267 1277 2139">
     <span class='ocr_line' id='line_1_11' title="bbox 96 1267 1275 1351; baseline -0.004 -16"><span class='ocrx_word' id='word_1_89' title='bbox 96 1312 99 1316; x_wconf 91' lang='lat'><em>-</em></span> <span class='ocrx_word' id='word_1_90' title='bbox 218 1267 261 1335; x_wconf 86' lang='lat' dir='ltr'>Eo</span> <span class='ocrx_word' id='word_1_91' title='bbox 297 1289 374 1335; x_wconf 91' lang='lat' dir='ltr'>vero</span> <span class='ocrx_word' id='word_1_92' title='bbox 413 1272 515 1351; x_wconf 83' lang='lat' dir='ltr'>magis</span> <span class='ocrx_word' id='word_1_93' title='bbox 554 1271 766 1350; x_wconf 83' lang='lat' dir='ltr'>opportunum</span> <span class='ocrx_word' id='word_1_94' title='bbox 800 1271 1076 1349; x_wconf 90' lang='lat' dir='ltr'>necessariumque</span> <span class='ocrx_word' id='word_1_95' title='bbox 1115 1270 1275 1349; x_wconf 88' lang='lat' dir='ltr'>praesenti</span> 
     </span>
     <span class='ocr_line' id='line_1_12' title="bbox 92 1355 1276 1437; baseline 0.002 -19"><span class='ocrx_word' id='word_1_96' title='bbox 92 1362 105 1402; x_wconf 69' lang='lat'>&#39;³&#39;</span> <span class='ocrx_word' id='word_1_97' title='bbox 148 1359 252 1437; x_wconf 85' lang='lat' dir='ltr'>tenpore</span> <span class='ocrx_word' id='word_1_98' title='bbox 272 1356 365 1433; x_wconf 82' lang='lat' dir='ltr'>foret,</span> <span class='ocrx_word' id='word_1_99' title='bbox 390 1367 423 1421; x_wconf 83' lang='lat' dir='ltr'>ut</span> <span class='ocrx_word' id='word_1_100' title='bbox 448 1355 624 1421; x_wconf 87' lang='lat' dir='ltr'>Concilium</span> <span class='ocrx_word' id='word_1_101' title='bbox 648 1356 818 1421; x_wconf 86' lang='lat' dir='ltr'>catholicos</span> <span class='ocrx_word' id='word_1_102' title='bbox 842 1356 1046 1421; x_wconf 89' lang='lat' dir='ltr'>vehementer</span> <span class='ocrx_word' id='word_1_103' title='bbox 1068 1355 1107 1420; x_wconf 89' lang='lat' dir='ltr'>ad</span> <span class='ocrx_word' id='word_1_104' title='bbox 1132 1361 1276 1420; x_wconf 89' lang='lat' dir='ltr'>sanctum</span> 
     </span>
     <span class='ocr_line' id='line_1_13' title="bbox 92 1439 1276 1526; baseline -0.002 -18"><span class='ocrx_word' id='word_1_105' title='bbox 92 1449 104 1491; x_wconf 64' lang='lat' dir='ltr'>l</span> <span class='ocrx_word' id='word_1_106' title='bbox 148 1439 268 1526; x_wconf 86' lang='lat' dir='ltr'>hocopus</span> <span class='ocrx_word' id='word_1_107' title='bbox 292 1446 505 1511; x_wconf 82' lang='lat' dir='ltr'>conversionis</span> <span class='ocrx_word' id='word_1_108' title='bbox 529 1452 748 1525; x_wconf 84' lang='lat' dir='ltr'>separatorum</span> <span class='ocrx_word' id='word_1_109' title='bbox 771 1443 904 1508; x_wconf 83' lang='lat' dir='ltr'>fratrum</span> <span class='ocrx_word' id='word_1_110' title='bbox 921 1444 1153 1522; x_wconf 88' lang='lat' dir='ltr'>adhortaretur,</span> <span class='ocrx_word' id='word_1_111' title='bbox 1179 1449 1276 1523; x_wconf 88' lang='lat' dir='ltr'>atque</span> 
     </span>
     <span class='ocr_line' id='line_1_14' title="bbox 149 1528 1276 1623; baseline 0.003 -32"><span class='ocrx_word' id='word_1_112' title='bbox 149 1528 227 1598; x_wconf 90' lang='lat' dir='ltr'>iuhoc</span> <span class='ocrx_word' id='word_1_113' title='bbox 240 1551 335 1615; x_wconf 90' lang='lat' dir='ltr'>opere</span> <span class='ocrx_word' id='word_1_114' title='bbox 358 1533 446 1623; x_wconf 76' lang='lat' dir='ltr'>tanti</span> <span class='ocrx_word' id='word_1_115' title='bbox 456 1534 551 1614; x_wconf 90' lang='lat' dir='ltr'>pretii</span> <span class='ocrx_word' id='word_1_116' title='bbox 576 1533 724 1597; x_wconf 88' lang='lat' dir='ltr'>ducatum</span> <span class='ocrx_word' id='word_1_117' title='bbox 750 1533 794 1596; x_wconf 89' lang='lat' dir='ltr'>cis</span> <span class='ocrx_word' id='word_1_118' title='bbox 817 1531 973 1596; x_wconf 85' lang='lat' dir='ltr'>etlumen</span> <span class='ocrx_word' id='word_1_119' title='bbox 995 1532 1173 1612; x_wconf 86' lang='lat' dir='ltr'>praeberet,</span> <span class='ocrx_word' id='word_1_120' title='bbox 1191 1532 1276 1612; x_wconf 89' lang='lat' dir='ltr'>quod</span> 
     </span>
     <span class='ocr_line' id='line_1_15' title="bbox 94 1619 1277 1701; baseline 0.003 -23"><span class='ocrx_word' id='word_1_121' title='bbox 94 1632 102 1697; x_wconf 74' lang='lat' dir='ltr'>j</span> <span class='ocrx_word' id='word_1_122' title='bbox 149 1623 255 1693; x_wconf 80' lang='lat' dir='ltr'>vurcin</span> <span class='ocrx_word' id='word_1_123' title='bbox 289 1621 540 1685; x_wconf 87' lang='lat' dir='ltr'>rationalismum</span> <span class='ocrx_word' id='word_1_124' title='bbox 573 1627 605 1684; x_wconf 89' lang='lat' dir='ltr'>et</span> <span class='ocrx_word' id='word_1_125' title='bbox 628 1619 881 1685; x_wconf 86' lang='lat' dir='ltr'>incredulitatem</span> <span class='ocrx_word' id='word_1_126' title='bbox 914 1619 1043 1683; x_wconf 89' lang='lat' dir='ltr'>labente</span> <span class='ocrx_word' id='word_1_127' title='bbox 1069 1621 1135 1701; x_wconf 89' lang='lat' dir='ltr'>jam</span> <span class='ocrx_word' id='word_1_128' title='bbox 1159 1619 1277 1699; x_wconf 90' lang='lat' dir='ltr'>ubique</span> 
     </span>
     <span class='ocr_line' id='line_1_16' title="bbox 94 1706 1273 1789; baseline 0.001 -19"><span class='ocrx_word' id='word_1_129' title='bbox 94 1716 97 1721; x_wconf 82' lang='grc'>’</span> <span class='ocrx_word' id='word_1_130' title='bbox 149 1709 384 1788; x_wconf 79' lang='lat' dir='ltr'>mosantismo,</span> <span class='ocrx_word' id='word_1_131' title='bbox 418 1710 606 1789; x_wconf 85' lang='lat' dir='ltr'>quicumque</span> <span class='ocrx_word' id='word_1_132' title='bbox 644 1728 681 1773; x_wconf 87' lang='lat' dir='ltr'>ex</span> <span class='ocrx_word' id='word_1_133' title='bbox 715 1708 775 1772; x_wconf 93' lang='lat' dir='ltr'>illis</span> <span class='ocrx_word' id='word_1_134' title='bbox 807 1708 943 1788; x_wconf 84' lang='lat' dir='ltr'>aliquem</span> <span class='ocrx_word' id='word_1_135' title='bbox 977 1706 1050 1771; x_wconf 86' lang='lat' dir='ltr'>fidei</span> <span class='ocrx_word' id='word_1_136' title='bbox 1080 1708 1273 1788; x_wconf 88' lang='lat' dir='ltr'>pietatisque</span> 
     </span>
     <span class='ocr_line' id='line_1_17' title="bbox 151 1790 1277 1877; baseline 0.003 -23"><span class='ocrx_word' id='word_1_137' title='bbox 151 1790 300 1861; x_wconf 76' lang='lat' dir='ltr'>christianae</span> <span class='ocrx_word' id='word_1_138' title='bbox 330 1814 456 1860; x_wconf 88' lang='lat' dir='ltr'>sensum</span> <span class='ocrx_word' id='word_1_139' title='bbox 488 1797 699 1874; x_wconf 83' lang='lat' dir='ltr'>retinuerunt,</span> <span class='ocrx_word' id='word_1_140' title='bbox 736 1796 920 1877; x_wconf 86' lang='lat' dir='ltr'>religionem</span> <span class='ocrx_word' id='word_1_141' title='bbox 953 1797 999 1859; x_wconf 89' lang='lat' dir='ltr'>sic</span> <span class='ocrx_word' id='word_1_142' title='bbox 1033 1801 1277 1858; x_wconf 84' lang='lat' dir='ltr'>evanescentem</span> 
     </span>
     <span class='ocr_line' id='line_1_18' title="bbox 152 1883 1277 1969; baseline 0.004 -29"><span class='ocrx_word' id='word_1_143' title='bbox 152 1883 215 1961; x_wconf 80' lang='lat' dir='ltr'>uagis</span> <span class='ocrx_word' id='word_1_144' title='bbox 246 1903 285 1948; x_wconf 87' lang='lat' dir='ltr'>ac</span> <span class='ocrx_word' id='word_1_145' title='bbox 314 1886 415 1963; x_wconf 63' lang='lat' dir='ltr'>aiacis</span> <span class='ocrx_word' id='word_1_146' title='bbox 444 1893 622 1969; x_wconf 76' lang='lat' dir='ltr'>suspectam</span> <span class='ocrx_word' id='word_1_147' title='bbox 661 1884 778 1947; x_wconf 88' lang='lat' dir='ltr'>habere</span> <span class='ocrx_word' id='word_1_148' title='bbox 813 1884 982 1964; x_wconf 89' lang='lat' dir='ltr'>incipiunt,</span> <span class='ocrx_word' id='word_1_149' title='bbox 1016 1883 1078 1945; x_wconf 91' lang='lat' dir='ltr'>imo</span> <span class='ocrx_word' id='word_1_150' title='bbox 1113 1883 1277 1946; x_wconf 88' lang='lat' dir='ltr'>evidenter</span> 
     </span>
     <span class='ocr_line' id='line_1_19' title="bbox 155 1963 1276 2050; baseline 0 -17"><span class='ocrx_word' id='word_1_151' title='bbox 155 1963 224 2033; x_wconf 68' lang='lat' dir='ltr'>ham</span> <span class='ocrx_word' id='word_1_152' title='bbox 246 1990 316 2036; x_wconf 89' lang='lat' dir='ltr'>esse</span> <span class='ocrx_word' id='word_1_153' title='bbox 348 1991 385 2036; x_wconf 86' lang='lat' dir='ltr'>ex</span> <span class='ocrx_word' id='word_1_154' title='bbox 409 1979 524 2035; x_wconf 88' lang='lat' dir='ltr'>eventu</span> <span class='ocrx_word' id='word_1_155' title='bbox 547 1980 735 2050; x_wconf 79' lang='lat' dir='ltr'>agrioscuut,</span> <span class='ocrx_word' id='word_1_156' title='bbox 771 1978 802 2034; x_wconf 92' lang='lat' dir='ltr'>et</span> <span class='ocrx_word' id='word_1_157' title='bbox 825 1973 870 2034; x_wconf 84' lang='lat' dir='ltr'>sic</span> <span class='ocrx_word' id='word_1_158' title='bbox 902 1972 1008 2035; x_wconf 91' lang='lat' dir='ltr'>oculos</span> <span class='ocrx_word' id='word_1_159' title='bbox 1038 1973 1078 2033; x_wconf 91' lang='lat' dir='ltr'>ad</span> <span class='ocrx_word' id='word_1_160' title='bbox 1102 1968 1276 2034; x_wconf 84' lang='lat' dir='ltr'>Ecclesiam</span> 
     </span>
     <span class='ocr_line' id='line_1_20' title="bbox 159 2055 691 2139; baseline -0.002 -17"><span class='ocrx_word' id='word_1_161' title='bbox 159 2055 295 2122; x_wconf 79' lang='lat' dir='ltr'>cholicam</span> <span class='ocrx_word' id='word_1_162' title='bbox 321 2066 502 2123; x_wconf 83' lang='lat' dir='ltr'>convectore</span> <span class='ocrx_word' id='word_1_163' title='bbox 526 2067 691 2139; x_wconf 69' lang='lat' dir='ltr'>coguntur.</span> 
     </span>
    </p>
   </div>
   <div class='ocr_carea' id='block_1_4' title="bbox 150 2308 1276 2490">
    <p class='ocr_par' dir='ltr' id='par_1_4' title="bbox 150 2308 1276 2490">
     <span class='ocr_line' id='line_1_21' title="bbox 150 2308 1276 2386; baseline 0.003 -7"><span class='ocrx_word' id='word_1_164' title='bbox 150 2308 384 2384; x_wconf 71' lang='lat' dir='ltr'>hrortioaibus</span> <span class='ocrx_word' id='word_1_165' title='bbox 414 2323 448 2385; x_wconf 81' lang='lat' dir='ltr'>ira</span> <span class='ocrx_word' id='word_1_166' title='bbox 472 2323 654 2385; x_wconf 81' lang='lat' dir='ltr'>rccloctr&#39;ouc</span> <span class='ocrx_word' id='word_1_167' title='bbox 678 2321 885 2386; x_wconf 81' lang='lat' dir='ltr'>Decrclorura</span> <span class='ocrx_word' id='word_1_168' title='bbox 916 2341 1041 2385; x_wconf 81' lang='lat' dir='ltr'>errores</span> <span class='ocrx_word' id='word_1_169' title='bbox 1064 2321 1276 2384; x_wconf 73' lang='lat' dir='ltr'>condomana-</span> 
     </span>
     <span class='ocr_line' id='line_1_22' title="bbox 487 2426 895 2490; baseline -0.005 0"><span class='ocrx_word' id='word_1_170' title='bbox 487 2427 568 2490; x_wconf 82' lang='lat' dir='ltr'>tr&#39;um</span> <span class='ocrx_word' id='word_1_171' title='bbox 592 2447 675 2490; x_wconf 77' lang='lat' dir='ltr'>roccae</span> <span class='ocrx_word' id='word_1_172' title='bbox 699 2426 895 2490; x_wconf 80' lang='lat' dir='ltr'>aclbt&#39;hcadc&#39;s.</span> 
     </span>
    </p>
   </div>
   <div class='ocr_carea' id='block_1_5' title="bbox 92 2581 1277 4138">
    <p class='ocr_par' dir='ltr' id='par_1_5' title="bbox 92 2581 1277 4138">
     <span class='ocr_line' id='line_1_23' title="bbox 217 2581 1277 2664; baseline -0.003 -17"><span class='ocrx_word' id='word_1_173' title='bbox 217 2581 347 2660; x_wconf 82' lang='lat' dir='ltr'>Quando</span> <span class='ocrx_word' id='word_1_174' title='bbox 363 2602 446 2647; x_wconf 91' lang='lat' dir='ltr'>nuuc</span> <span class='ocrx_word' id='word_1_175' title='bbox 462 2603 543 2647; x_wconf 91' lang='lat' dir='ltr'>nova</span> <span class='ocrx_word' id='word_1_176' title='bbox 565 2584 723 2664; x_wconf 88' lang='lat' dir='ltr'>profertur</span> <span class='ocrx_word' id='word_1_177' title='bbox 739 2601 881 2647; x_wconf 88' lang='lat' dir='ltr'>errorum</span> <span class='ocrx_word' id='word_1_178' title='bbox 897 2583 1073 2663; x_wconf 87' lang='lat' dir='ltr'>aliquorum</span> <span class='ocrx_word' id='word_1_179' title='bbox 1095 2581 1277 2663; x_wconf 69' lang='lat' dir='ltr'>dogmatica</span> 
     </span>
     <span class='ocr_line' id='line_1_24' title="bbox 144 2667 1276 2750; baseline 0.006 -24"><span class='ocrx_word' id='word_1_180' title='bbox 144 2667 340 2749; x_wconf 77' lang='lat' dir='ltr'>condemnatio,</span> <span class='ocrx_word' id='word_1_181' title='bbox 364 2670 443 2735; x_wconf 91' lang='lat' dir='ltr'>haec</span> <span class='ocrx_word' id='word_1_182' title='bbox 467 2673 584 2750; x_wconf 85' lang='lat' dir='ltr'>statim,</span> <span class='ocrx_word' id='word_1_183' title='bbox 619 2671 697 2736; x_wconf 92' lang='lat' dir='ltr'>velit</span> <span class='ocrx_word' id='word_1_184' title='bbox 719 2672 797 2735; x_wconf 85' lang='lat' dir='ltr'>nolit</span> <span class='ocrx_word' id='word_1_185' title='bbox 820 2670 972 2748; x_wconf 89' lang='lat' dir='ltr'>Ecclesia,</span> <span class='ocrx_word' id='word_1_186' title='bbox 997 2672 1028 2734; x_wconf 93' lang='lat' dir='ltr'>in</span> <span class='ocrx_word' id='word_1_187' title='bbox 1052 2671 1195 2734; x_wconf 92' lang='lat' dir='ltr'>omnihus</span> <span class='ocrx_word' id='word_1_188' title='bbox 1217 2688 1276 2750; x_wconf 91' lang='lat' dir='ltr'>per</span> 
     </span>
     <span class='ocr_line' id='line_1_25' title="bbox 141 2753 1274 2840; baseline 0.004 -25"><span class='ocrx_word' id='word_1_189' title='bbox 141 2753 215 2821; x_wconf 85' lang='lat' dir='ltr'>otuu</span> <span class='ocrx_word' id='word_1_190' title='bbox 237 2759 346 2822; x_wconf 91' lang='lat' dir='ltr'>orbem</span> <span class='ocrx_word' id='word_1_191' title='bbox 383 2758 562 2840; x_wconf 88' lang='lat' dir='ltr'>publicatur</span> <span class='ocrx_word' id='word_1_192' title='bbox 591 2759 713 2834; x_wconf 86' lang='lat' dir='ltr'>diariis,</span> <span class='ocrx_word' id='word_1_193' title='bbox 750 2759 801 2840; x_wconf 90' lang='lat' dir='ltr'>qui</span> <span class='ocrx_word' id='word_1_194' title='bbox 834 2760 898 2822; x_wconf 90' lang='lat' dir='ltr'>suis</span> <span class='ocrx_word' id='word_1_195' title='bbox 923 2757 1008 2821; x_wconf 92' lang='lat' dir='ltr'>illam</span> <span class='ocrx_word' id='word_1_196' title='bbox 1042 2757 1274 2822; x_wconf 88' lang='lat' dir='ltr'>commentariis</span> 
     </span>
     <span class='ocr_line' id='line_1_26' title="bbox 141 2838 1276 2926; baseline 0.004 -22"><span class='ocrx_word' id='word_1_197' title='bbox 141 2838 266 2910; x_wconf 72' lang='lat' dir='ltr'>adornare</span> <span class='ocrx_word' id='word_1_198' title='bbox 296 2864 460 2926; x_wconf 88' lang='lat' dir='ltr'>nunquam</span> <span class='ocrx_word' id='word_1_199' title='bbox 492 2848 652 2911; x_wconf 89' lang='lat' dir='ltr'>omittunt.</span> <span class='ocrx_word' id='word_1_200' title='bbox 708 2844 787 2910; x_wconf 83' lang='lat' dir='ltr'>Cum</span> <span class='ocrx_word' id='word_1_201' title='bbox 821 2850 925 2910; x_wconf 86' lang='lat' dir='ltr'>autem</span> <span class='ocrx_word' id='word_1_202' title='bbox 956 2845 1127 2910; x_wconf 89' lang='lat' dir='ltr'>diariorum</span> <span class='ocrx_word' id='word_1_203' title='bbox 1150 2845 1276 2909; x_wconf 92' lang='lat' dir='ltr'>illorum</span> 
     </span>
     <span class='ocr_line' id='line_1_27' title="bbox 139 2929 1276 3021; baseline 0.004 -30"><span class='ocrx_word' id='word_1_204' title='bbox 139 2929 281 3021; x_wconf 74' lang='lat' dir='ltr'>¹scriptores</span> <span class='ocrx_word' id='word_1_205' title='bbox 305 2933 492 2999; x_wconf 87' lang='lat' dir='ltr'>dialecticae</span> <span class='ocrx_word' id='word_1_206' title='bbox 514 2935 754 3016; x_wconf 82' lang='lat' dir='ltr'>theologiaeque</span> <span class='ocrx_word' id='word_1_207' title='bbox 782 2935 964 3015; x_wconf 85' lang='lat' dir='ltr'>regularum</span> <span class='ocrx_word' id='word_1_208' title='bbox 994 2939 1026 2997; x_wconf 93' lang='lat' dir='ltr'>et</span> <span class='ocrx_word' id='word_1_209' title='bbox 1049 2933 1123 3014; x_wconf 90' lang='lat' dir='ltr'>styli</span> <span class='ocrx_word' id='word_1_210' title='bbox 1145 2951 1276 3013; x_wconf 90' lang='lat' dir='ltr'>prorsus</span> 
     </span>
     <span class='ocr_line' id='line_1_28' title="bbox 138 3020 1276 3103; baseline 0 -21"><span class='ocrx_word' id='word_1_211' title='bbox 138 3020 213 3091; x_wconf 75' lang='lat' dir='ltr'>caan</span> <span class='ocrx_word' id='word_1_212' title='bbox 234 3023 308 3101; x_wconf 81' lang='lat' dir='ltr'>siut,</span> <span class='ocrx_word' id='word_1_213' title='bbox 331 3022 404 3086; x_wconf 88' lang='lat' dir='ltr'>inde</span> <span class='ocrx_word' id='word_1_214' title='bbox 428 3020 464 3086; x_wconf 91' lang='lat' dir='ltr'>lit</span> <span class='ocrx_word' id='word_1_215' title='bbox 487 3031 523 3086; x_wconf 91' lang='lat' dir='ltr'>ut</span> <span class='ocrx_word' id='word_1_216' title='bbox 550 3022 735 3087; x_wconf 88' lang='lat' dir='ltr'>falsissimos</span> <span class='ocrx_word' id='word_1_217' title='bbox 758 3041 855 3103; x_wconf 90' lang='lat' dir='ltr'>saepe</span> <span class='ocrx_word' id='word_1_218' title='bbox 884 3039 996 3085; x_wconf 84' lang='lat' dir='ltr'>sensus</span> <span class='ocrx_word' id='word_1_219' title='bbox 1020 3021 1200 3103; x_wconf 76' lang='lat' dir='ltr'>huJusmodi</span> <span class='ocrx_word' id='word_1_220' title='bbox 1224 3021 1276 3083; x_wconf 89' lang='lat' dir='ltr'>de-</span> 
     </span>
     <span class='ocr_line' id='line_1_29' title="bbox 137 3107 1273 3191; baseline 0.004 -26"><span class='ocrx_word' id='word_1_221' title='bbox 137 3107 206 3172; x_wconf 83' lang='lat' dir='ltr'>cretis</span> <span class='ocrx_word' id='word_1_222' title='bbox 239 3110 441 3181; x_wconf 81' lang='lat' dir='ltr'>adscribant;</span> <span class='ocrx_word' id='word_1_223' title='bbox 482 3112 589 3190; x_wconf 89' lang='lat' dir='ltr'>sicque</span> <span class='ocrx_word' id='word_1_224' title='bbox 624 3111 780 3174; x_wconf 84' lang='lat' dir='ltr'>maximae</span> <span class='ocrx_word' id='word_1_225' title='bbox 807 3109 1060 3191; x_wconf 89' lang='lat' dir='ltr'>perturbationes</span> <span class='ocrx_word' id='word_1_226' title='bbox 1093 3110 1125 3171; x_wconf 94' lang='lat' dir='ltr'>in</span> <span class='ocrx_word' id='word_1_227' title='bbox 1160 3109 1273 3172; x_wconf 90' lang='lat' dir='ltr'>animis</span> 
     </span>
     <span class='ocr_line' id='line_1_30' title="bbox 136 3184 1276 3277; baseline 0.004 -23"><span class='ocrx_word' id='word_1_228' title='bbox 136 3184 199 3273; x_wconf 85' lang='lat' dir='ltr'>fiant,</span> <span class='ocrx_word' id='word_1_229' title='bbox 221 3197 385 3277; x_wconf 89' lang='lat' dir='ltr'>multique,</span> <span class='ocrx_word' id='word_1_230' title='bbox 403 3199 498 3261; x_wconf 87' lang='lat' dir='ltr'>etiam</span> <span class='ocrx_word' id='word_1_231' title='bbox 523 3198 680 3275; x_wconf 89' lang='lat' dir='ltr'>catholici,</span> <span class='ocrx_word' id='word_1_232' title='bbox 699 3199 732 3260; x_wconf 89' lang='lat' dir='ltr'>iu</span> <span class='ocrx_word' id='word_1_233' title='bbox 755 3195 816 3261; x_wconf 88' lang='lat' dir='ltr'>fide</span> <span class='ocrx_word' id='word_1_234' title='bbox 832 3198 973 3277; x_wconf 81' lang='lat' dir='ltr'>graviter</span> <span class='ocrx_word' id='word_1_235' title='bbox 997 3203 1167 3260; x_wconf 89' lang='lat' dir='ltr'>tententur.</span> <span class='ocrx_word' id='word_1_236' title='bbox 1206 3196 1276 3260; x_wconf 91' lang='lat' dir='ltr'>Hoc</span> 
     </span>
     <span class='ocr_line' id='line_1_31' title="bbox 136 3284 1276 3366; baseline -0.001 -19"><span class='ocrx_word' id='word_1_237' title='bbox 136 3286 199 3346; x_wconf 81' lang='lat' dir='ltr'>torta</span> <span class='ocrx_word' id='word_1_238' title='bbox 227 3303 378 3366; x_wconf 87' lang='lat' dir='ltr'>maguum</span> <span class='ocrx_word' id='word_1_239' title='bbox 413 3285 611 3366; x_wconf 89' lang='lat' dir='ltr'>dispendium</span> <span class='ocrx_word' id='word_1_240' title='bbox 646 3291 708 3361; x_wconf 86' lang='lat' dir='ltr'>est,</span> <span class='ocrx_word' id='word_1_241' title='bbox 745 3285 845 3366; x_wconf 87' lang='lat' dir='ltr'>quod,</span> <span class='ocrx_word' id='word_1_242' title='bbox 877 3286 994 3366; x_wconf 90' lang='lat' dir='ltr'>partim</span> <span class='ocrx_word' id='word_1_243' title='bbox 1018 3284 1147 3361; x_wconf 90' lang='lat' dir='ltr'>saltem,</span> <span class='ocrx_word' id='word_1_244' title='bbox 1181 3286 1276 3348; x_wconf 89' lang='lat' dir='ltr'>vitari</span> 
     </span>
     <span class='ocr_line' id='line_1_32' title="bbox 92 3370 1276 3455; baseline -0.003 -17"><span class='ocrx_word' id='word_1_245' title='bbox 92 3414 94 3421; x_wconf 92' lang='lat'>·</span> <span class='ocrx_word' id='word_1_246' title='bbox 135 3376 228 3450; x_wconf 78' lang='lat' dir='ltr'>uasat</span> <span class='ocrx_word' id='word_1_247' title='bbox 261 3374 288 3436; x_wconf 88' lang='lat' dir='ltr'>si</span> <span class='ocrx_word' id='word_1_248' title='bbox 310 3371 399 3436; x_wconf 91' lang='lat' dir='ltr'>nulla</span> <span class='ocrx_word' id='word_1_249' title='bbox 421 3391 559 3455; x_wconf 90' lang='lat' dir='ltr'>uuquam</span> <span class='ocrx_word' id='word_1_250' title='bbox 591 3373 739 3437; x_wconf 88' lang='lat' dir='ltr'>ederetur</span> <span class='ocrx_word' id='word_1_251' title='bbox 762 3392 904 3437; x_wconf 91' lang='lat' dir='ltr'>errorum</span> <span class='ocrx_word' id='word_1_252' title='bbox 930 3370 1173 3449; x_wconf 70' lang='lat' dir='ltr'>condemnatio,</span> <span class='ocrx_word' id='word_1_253' title='bbox 1201 3373 1276 3451; x_wconf 91' lang='lat' dir='ltr'>quin</span> 
     </span>
     <span class='ocr_line' id='line_1_33' title="bbox 134 3449 1273 3540; baseline 0.004 -23"><span class='ocrx_word' id='word_1_254' title='bbox 134 3449 230 3522; x_wconf 74' lang='lat' dir='ltr'>clarum</span> <span class='ocrx_word' id='word_1_255' title='bbox 253 3466 287 3523; x_wconf 91' lang='lat' dir='ltr'>et</span> <span class='ocrx_word' id='word_1_256' title='bbox 309 3459 509 3540; x_wconf 90' lang='lat' dir='ltr'>praefinitum</span> <span class='ocrx_word' id='word_1_257' title='bbox 537 3478 663 3524; x_wconf 89' lang='lat' dir='ltr'>sensum</span> <span class='ocrx_word' id='word_1_258' title='bbox 687 3460 858 3525; x_wconf 88' lang='lat' dir='ltr'>exhiheret.</span> <span class='ocrx_word' id='word_1_259' title='bbox 904 3462 980 3538; x_wconf 88' lang='lat' dir='ltr'>Imo,</span> <span class='ocrx_word' id='word_1_260' title='bbox 1006 3462 1176 3525; x_wconf 88' lang='lat' dir='ltr'>damnatae</span> <span class='ocrx_word' id='word_1_261' title='bbox 1200 3459 1273 3522; x_wconf 93' lang='lat' dir='ltr'>doc-</span> 
     </span>
     <span class='ocr_line' id='line_1_34' title="bbox 134 3538 1275 3626; baseline 0.003 -21"><span class='ocrx_word' id='word_1_262' title='bbox 134 3538 215 3607; x_wconf 72' lang='lat' dir='ltr'>trinae</span> <span class='ocrx_word' id='word_1_263' title='bbox 241 3546 431 3626; x_wconf 88' lang='lat' dir='ltr'>falsitatem,</span> <span class='ocrx_word' id='word_1_264' title='bbox 467 3558 499 3612; x_wconf 88' lang='lat' dir='ltr'>et</span> <span class='ocrx_word' id='word_1_265' title='bbox 529 3548 795 3613; x_wconf 86' lang='lat' dir='ltr'>contradictoriae</span> <span class='ocrx_word' id='word_1_266' title='bbox 822 3549 967 3612; x_wconf 90' lang='lat' dir='ltr'>veritatis</span> <span class='ocrx_word' id='word_1_267' title='bbox 1001 3549 1134 3622; x_wconf 90' lang='lat' dir='ltr'>motiva,</span> <span class='ocrx_word' id='word_1_268' title='bbox 1167 3546 1275 3626; x_wconf 88' lang='lat' dir='ltr'>paucis</span> 
     </span>
     <span class='ocr_line' id='line_1_35' title="bbox 134 3631 1276 3719; baseline 0.002 -25"><span class='ocrx_word' id='word_1_269' title='bbox 134 3631 224 3712; x_wconf 63' lang='lat' dir='ltr'>verbis</span> <span class='ocrx_word' id='word_1_270' title='bbox 246 3640 402 3716; x_wconf 86' lang='lat' dir='ltr'>quantum</span> <span class='ocrx_word' id='word_1_271' title='bbox 425 3634 493 3699; x_wconf 90' lang='lat' dir='ltr'>fieri</span> <span class='ocrx_word' id='word_1_272' title='bbox 516 3643 634 3719; x_wconf 83' lang='lat' dir='ltr'>posset,</span> <span class='ocrx_word' id='word_1_273' title='bbox 659 3636 782 3700; x_wconf 92' lang='lat' dir='ltr'>ostendi</span> <span class='ocrx_word' id='word_1_274' title='bbox 804 3642 1015 3717; x_wconf 90' lang='lat' dir='ltr'>opportunum</span> <span class='ocrx_word' id='word_1_275' title='bbox 1038 3639 1132 3699; x_wconf 90' lang='lat' dir='ltr'>esset.</span> <span class='ocrx_word' id='word_1_276' title='bbox 1167 3632 1276 3697; x_wconf 90' lang='lat' dir='ltr'>Mode-</span> 
     </span>
     <span class='ocr_line' id='line_1_36' title="bbox 134 3719 1274 3804; baseline 0 -23"><span class='ocrx_word' id='word_1_277' title='bbox 134 3719 229 3786; x_wconf 81' lang='lat' dir='ltr'>andis</span> <span class='ocrx_word' id='word_1_278' title='bbox 250 3723 360 3786; x_wconf 78' lang='lat' dir='ltr'>forsan</span> <span class='ocrx_word' id='word_1_279' title='bbox 383 3730 417 3786; x_wconf 90' lang='lat' dir='ltr'>et</span> <span class='ocrx_word' id='word_1_280' title='bbox 439 3724 540 3804; x_wconf 89' lang='lat' dir='ltr'>stylus</span> <span class='ocrx_word' id='word_1_281' title='bbox 562 3723 660 3802; x_wconf 85' lang='lat' dir='ltr'>foret,</span> <span class='ocrx_word' id='word_1_282' title='bbox 691 3724 986 3804; x_wconf 89' lang='lat' dir='ltr'>abstinendumque,</span> <span class='ocrx_word' id='word_1_283' title='bbox 1017 3723 1068 3786; x_wconf 91' lang='lat' dir='ltr'>vel</span> <span class='ocrx_word' id='word_1_284' title='bbox 1092 3721 1274 3802; x_wconf 91' lang='lat' dir='ltr'>parcissime</span> 
     </span>
     <span class='ocr_line' id='line_1_37' title="bbox 134 3803 1276 3892; baseline 0 -20"><span class='ocrx_word' id='word_1_285' title='bbox 134 3803 271 3889; x_wconf 64' lang='lat' dir='ltr'>lhrodum,</span> <span class='ocrx_word' id='word_1_286' title='bbox 288 3828 367 3892; x_wconf 80' lang='lat' dir='ltr'>erga</span> <span class='ocrx_word' id='word_1_287' title='bbox 388 3819 542 3890; x_wconf 86' lang='lat' dir='ltr'>errantes,</span> <span class='ocrx_word' id='word_1_288' title='bbox 558 3811 747 3892; x_wconf 88' lang='lat' dir='ltr'>quibusdam</span> <span class='ocrx_word' id='word_1_289' title='bbox 772 3812 946 3876; x_wconf 88' lang='lat' dir='ltr'>acrioribus</span> <span class='ocrx_word' id='word_1_290' title='bbox 963 3811 1077 3887; x_wconf 82' lang='lat' dir='ltr'>verbis,</span> <span class='ocrx_word' id='word_1_291' title='bbox 1095 3826 1184 3889; x_wconf 86' lang='lat' dir='ltr'>quae,</span> <span class='ocrx_word' id='word_1_292' title='bbox 1202 3807 1276 3872; x_wconf 89' lang='lat' dir='ltr'>licet</span> 
     </span>
     <span class='ocr_line' id='line_1_38' title="bbox 133 3894 1275 3978; baseline -0.003 -17"><span class='ocrx_word' id='word_1_293' title='bbox 133 3899 245 3969; x_wconf 65' lang='lat' dir='ltr'>aparte</span> <span class='ocrx_word' id='word_1_294' title='bbox 267 3899 317 3962; x_wconf 91' lang='lat' dir='ltr'>sui</span> <span class='ocrx_word' id='word_1_295' title='bbox 339 3897 416 3962; x_wconf 91' lang='lat' dir='ltr'>nihil</span> <span class='ocrx_word' id='word_1_296' title='bbox 436 3900 678 3963; x_wconf 87' lang='lat' dir='ltr'>immoderatum</span> <span class='ocrx_word' id='word_1_297' title='bbox 701 3899 849 3978; x_wconf 88' lang='lat' dir='ltr'>habeant,</span> <span class='ocrx_word' id='word_1_298' title='bbox 876 3900 1007 3964; x_wconf 82' lang='lat' dir='ltr'>attentis</span> <span class='ocrx_word' id='word_1_299' title='bbox 1022 3904 1127 3961; x_wconf 89' lang='lat' dir='ltr'>tamen</span> <span class='ocrx_word' id='word_1_300' title='bbox 1150 3894 1275 3959; x_wconf 90' lang='lat' dir='ltr'>hodier-</span> 
     </span>
     <span class='ocr_line' id='line_1_39' title="bbox 133 3985 1274 4068; baseline 0.001 -22"><span class='ocrx_word' id='word_1_301' title='bbox 133 3985 223 4046; x_wconf 77' lang='lat' dir='ltr'>lorum</span> <span class='ocrx_word' id='word_1_302' title='bbox 254 3985 416 4050; x_wconf 91' lang='lat' dir='ltr'>hominum</span> <span class='ocrx_word' id='word_1_303' title='bbox 447 3987 723 4067; x_wconf 86' lang='lat' dir='ltr'>dispositionibus,</span> <span class='ocrx_word' id='word_1_304' title='bbox 756 3988 855 4051; x_wconf 91' lang='lat' dir='ltr'>multo</span> <span class='ocrx_word' id='word_1_305' title='bbox 893 3986 963 4068; x_wconf 89' lang='lat' dir='ltr'>plus</span> <span class='ocrx_word' id='word_1_306' title='bbox 998 3985 1143 4050; x_wconf 87' lang='lat' dir='ltr'>nocitura</span> <span class='ocrx_word' id='word_1_307' title='bbox 1179 4000 1274 4063; x_wconf 87' lang='lat' dir='ltr'>quam</span> 
     </span>
     <span class='ocr_line' id='line_1_40' title="bbox 132 4064 552 4138; baseline 0.007 -3"><span class='ocrx_word' id='word_1_308' title='bbox 132 4064 276 4136; x_wconf 76' lang='lat' dir='ltr'>aratura</span> <span class='ocrx_word' id='word_1_309' title='bbox 299 4074 470 4138; x_wconf 92' lang='lat' dir='ltr'>timendum</span> <span class='ocrx_word' id='word_1_310' title='bbox 494 4082 552 4138; x_wconf 82' lang='lat' dir='ltr'>est.</span> 
     </span>
    </p>
   </div>
   <div class='ocr_carea' id='block_1_6' title="bbox 0 0 1444 4874">
    <p class='ocr_par' dir='ltr' id='par_1_6' title="bbox 0 0 1444 4874">
     <span class='ocr_line' id='line_1_41' title="bbox 0 0 1444 4874; baseline 0 0"><span class='ocrx_word' id='word_1_311' title='bbox 0 0 1444 4874; x_wconf 95' lang='lat' dir='ltr'> </span> 
     </span>
    </p>
   </div>
  </div>
 </body>
</html>
