2872 4874
142 343 203 404 132
509 356 667 406 sensuum
690 356 949 405 consuranorum

140 493 347 579 RfflQuum
377 512 492 561 munus
515 496 647 561 docendi
678 514 758 578 quae
782 496 978 578 Religionem
1008 503 1157 578 spectant
1179 499 1291 566 nonnisi

138 583 303 664 Episcopis
319 603 340 648 a
355 582 482 649 Christo
499 585 635 648 Domino
651 585 683 648 in
699 583 926 666 Apostolorum
940 602 1077 665 persona
1092 585 1288 652 concreditum

137 669 242 751 suerit,
266 670 452 736 facultatem
482 671 590 737 clerici
613 690 675 736 non
708 676 871 736 assumant
894 673 961 737 sive
990 673 1141 737 scientias
1162 673 1285 738 ecclesia·

138 759 252 838 sticas,
286 760 352 824 sive
384 759 581 840 disciplinam
614 760 854 838 catecheticam,
887 761 953 824 sive
984 759 1111 822 demum
1133 760 1285 841 quamlibet

137 845 233 911 aliam
268 846 443 928 Religionis
474 846 649 911 doctrinam
671 846 819 911 tradendi
848 848 881 909 in
909 847 1159 929 quibuscumque
1191 847 1283 913 scholio

136 933 187 999 vel
210 934 372 998 Institutio
396 935 436 999 ab
453 934 635 1015 Apostolica
658 933 740 999 Sede
756 934 937 999 immediate
959 953 1022 999 non
1046 935 1281 1016 dependentibus,

136 1022 198 1087 nisi
220 1022 260 1087 do
281 1021 413 1086 mandat
399 1027 443 1101 to,
476 1022 527 1086 vel
551 1039 707 1086 consensu
729 1039 878 1102 expresso
901 1023 950 1085 sui
973 1023 1140 1104 Episcopi:
1170 1024 1202 1086 in
1222 1039 1283 1125 quo·

137 1127 272 1190 cumque
303 1114 359 1174 aut
361 1127 410 1173 em
443 1109 625 1192 hujusmodi
648 1109 780 1174 docendi
811 1108 913 1174 officio
940 1109 990 1186 vel
1025 1111 1127 1191 gradu
1160 1113 1220 1175 sint
1237 1108 1298 1197 ipos?

137 1197 312 1276 constituti,
330 1199 371 1262 ab
386 1196 569 1298 Episcopali
586 1197 760 1262 auctoritat
761 1216 779 1260 ι
795 1215 829 1261 se
852 1215 1022 1278 numquam
1041 1199 1134 1262 eximi
1149 1198 1284 1265 noverint*

244 1283 288 1348 Et
310 1285 458 1366 quoniam
481 1286 515 1348 in
537 1285 641 1350 medio
657 1285 798 1367 corrupti
814 1283 933 1351 saeculi
954 1284 1048 1350 facile
1071 1287 1225 1364 evenit,u
1225 1270 1298 1399 toli

137 1372 295 1436 mundano
319 1371 449 1452 pulvere
478 1373 574 1437 etiam
596 1372 747 1454 religiosa
775 1391 828 1436 cor
830 1372 870 1435 da
893 1372 1121 1456 sordescant)
1144 1373 1184 1438 ad
1205 1371 1298 1438 euclid-

137 1459 217 1523 siast
217 1460 258 1524 ici
280 1478 356 1525 vero
380 1461 499 1525 ordinis
523 1460 624 1541 dignit
627 1465 712 1524 atem
736 1463 768 1524 et
791 1460 1034 1524 sanctimoniam
1048 1467 1099 1527 ιιι
1086 1461 1239 1525 tinendam
1255 1472 1298 1525 ιι

102 1595 105 1599 -
137 1546 305 1611 fovendam
330 1549 417 1629 pium
433 1547 643 1629 spiritualium
659 1547 879 1612 exercitiorum
902 1549 1085 1613 institutum
1100 1550 1152 1613 vel
1173 1548 1288 1612 maximi

137 1634 313 1714 conducat3
349 1637 434 1699 omni
468 1636 574 1700 studio
599 1642 711 1701 curent
733 1635 884 1718 Episcopi
907 1643 943 1699 ut
967 1635 1083 1715 clerici,
1118 1635 1291 1719 praesertim

138 1723 268 1803 parochi
292 1728 324 1787 et
348 1724 538 1802 confessarii,
561 1724 692 1805 singulis
716 1723 830 1786 saltem
851 1724 995 1787 trienniis
1019 1724 1069 1788 vel
1093 1721 1285 1804 quadrienniis

138 1816 226 1874 certo
250 1811 371 1875 dicrum
386 1813 488 1894 spatio
511 1812 545 1875 in
568 1816 779 1892 opportunum
804 1811 939 1891 aliquem
961 1811 1067 1876 locum
1088 1813 1199 1876 iisdem
1211 1826 1284 1893 pera·

137 1898 249 1979 gaudis
271 1900 429 1964 exercitiis
452 1900 611 1979 secedant,
645 1917 707 1980 qno
732 1899 940 1963 exterioribus
970 1902 1054 1963 curis
1078 1901 1229 1981 sepositis,
1255 1913 1286 1959 ac

137 1986 365 2051 vehementiori
388 1987 494 2051 studio
511 1992 714 2052 aeternarum
734 1987 973 2066 divinarumque
989 2006 1095 2051 rerum
1111 1982 1288 2052 meditationi

136 2079 296 2153 vacantes,
321 2073 568 2140 ecclesiasticum
598 2075 746 2157 spiritum
773 2093 926 2139 renovare
948 2075 1081 2154 possint.
1132 2076 1181 2139 lta
1201 2079 1286 2138 tamea

137 2163 207 2242 pias
231 2162 385 2245 ejusmodi
408 2163 602 2226 secessiones
609 2162 776 2311 tprudenti
798 2181 855 2227 suo
879 2162 1011 2226 arbitrio
1029 2161 1179 2244 Episcopi
1201 2157 1284 2226 distri·

136 2250 245 2329 buant,
269 2256 306 2314 ut
292 2249 390 2314 ttcul
376 2255 428 2314 tus
444 2250 568 2314 divinus
592 2254 623 2312 et
639 2250 730 2330 spirit
716 2250 812 2314 utalis
834 2249 975 2314 fidelium
990 2252 1164 2315 necessitas
1186 2249 1286 2314 nnllam

136 2338 210 2402 inde
234 2337 313 2401 det
273 2343 405 2402 ttrrmen
407 2356 459 2401 um
482 2339 658 2418 patiantur

243 2423 291 2489 Ne
314 2443 389 2488 vero
412 2425 435 2488 ii
457 2425 512 2504 qui
534 2443 592 2504 per
615 2425 737 2488 senium
761 2429 816 2488 aut
802 2424 1006 2488 tinfirmitat
956 2431 1057 2489 tatem
1072 2426 1192 2490 viribus
1214 2376 1291 2488 had.

136 2513 220 2576 sacri
243 2513 412 2576 ministerii
441 2512 602 2577 laboribus
626 2516 695 2575 sust
681 2512 858 2575 tinendis
850 2531 989 2592 impares
1022 2518 1204 2591 evaserunt,
1234 2524 1289 2589 ego·

168 2599 295 2663 atevel
328 2601 487 2663 aerumnis
519 2605 667 2679 premant
668 2618 722 2677 ur,
758 2605 809 2663 sat
811 2604 909 2681 agant
944 2599 1129 2681 Episcopi
1120 2620 1153 2664 m
1177 2596 1295 2682 singulis-

137 2687 358 2766 Dioecesibus,
394 2687 444 2751 vel
479 2687 591 2751 saltem
629 2686 804 2752 Provinciis
840 2688 1081 2767 ecclesiasticis,
1121 2689 1290 2753 clericorum

136 2773 307 2854 hospitium
331 2775 461 2856 erigere,
493 2773 544 2839 vel
568 2774 631 2838 alia
661 2775 784 2839 ratione
806 2775 981 2856 providere,
1006 2782 1042 2839 ut
1071 2776 1125 2856 qui
1149 2773 1291 2841 Ecclesiae

135 2859 274 2925 fideliter
297 2863 483 2941 servierunt,
508 2862 676 2926 honestam
703 2864 744 2926 ab
768 2882 807 2927 ea
829 2863 1021 2944 dignamque
1045 2866 1291 2928 sustentationem

135 2951 309 3014 inveniant.

512 3216 523 3231 .
616 3155 753 3224 CAPUT
774 3160 830 3224 III.

243 3299 331 3363 Haec
353 3299 452 3380 igitur
475 3297 600 3379 aliaque
615 3298 782 3363 honestam
806 3299 993 3364 clericorum
1009 3301 1106 3364 vitam
1129 3299 1298 3381 spectantia

135 3384 315 3451 indefessae
339 3385 577 3450 venerabilium
598 3385 748 3451 Fratrum
764 3386 953 3452 Nostrorum
977 3389 1206 3469 Episcoporum
1228 3387 1298 3470 vigi

134 3474 255 3539 lantiae
289 3474 553 3552 commendantes,
589 3475 716 3539 eosdem
739 3476 772 3538 in
805 3474 939 3539 Domino
963 3476 1174 3555 obsecramus
1209 3481 1247 3541 ιιι
1267 3491 1298 3541 ιι

134 3580 198 3643 qua
234 3581 295 3642 par
330 3568 380 3626 est
409 3563 580 3627 severitate
614 3567 646 3625 et
677 3562 834 3626 charitate
866 3563 993 3642 plenam
1024 3564 1112 3627 illam
1139 3568 1298 3629 exerceant

133 3654 339 3730 potestatem,
363 3668 383 3713 a
406 3649 547 3731 generali
569 3668 694 3731 quoque
718 3651 902 3715 Tridentino
920 3650 1091 3734 Concili02)
1115 3659 1148 3716 et
1171 3652 1298 3717 Praedo·

134 3737 315 3802 cessoribus
338 3736 463 3803 Nostris
495 3739 572 3820 ipsis
601 3739 803 3819 attributam,
837 3757 932 3820 quam
968 3744 1001 3802 ιι
1029 3738 1095 3804 Nos
1122 3740 1298 3806 inviolatam

133 3843 263 3888 manere
287 3825 432 3890 volumus
456 3831 489 3890 ct
512 3826 722 3891 declaramus.
993 3904 999 3909 7

242 3912 364 3989 Quodsi
386 3913 528 3991 clericus
552 3916 702 3994 propriae
728 3914 892 3978 immemor
916 3913 1092 3995 dignitatis,
1115 3916 1149 3978 in
1170 3906 1298 3998 impudi·

134 4000 230 4064 citiae
255 4000 403 4065 sordibus
425 4002 648 4083 immundoque
664 4002 877 4066 concubinatu
891 4007 1046 4081 versetur,
1063 4002 1115 4066 vel
1130 4003 1296 4069 mulierem

247 4227 317 4296 ¹)S.
335 4228 393 4281 Leo
413 4228 451 4283 M.
472 4225 557 4279 Serm
575 4225 646 4279 4de
664 4225 803 4294 Quadrag.

244 4300 269 4366 ¹)
288 4297 362 4351 Sess.
382 4297 428 4353 Vl.
448 4312 506 4363 cap.
526 4300 551 4350 3.
572 4296 644 4350 Saso
664 4295 740 4353 Xlll.
758 4312 818 4364 cap.
839 4301 862 4353 1.
881 4297 953 4352 Sess.
973 4297 1047 4356 XIV
1065 4313 1125 4366 cap
1146 4304 1169 4352 1
1188 4302 1216 4355 4.
1236 4305 1298 4356 ιι6

137 4368 212 4423 Saus
232 4367 320 4424 xxll.
339 4382 398 4436 cap.
420 4373 442 4423 1.
463 4365 497 4421 de
515 4365 635 4421 Reform
