2872 4874
153 310 213 373 tet
648 321 817 373 romumrs

148 463 217 529 Deo
239 461 345 542 dante
370 461 536 529 desistant.
586 460 646 528 liis
667 462 798 545 inquam
824 463 1004 551 perpensis,
1032 462 1194 529 videretur
1214 465 1287 546 quod

149 550 177 617 si
198 549 397 633 proposition
428 549 558 615 schema
578 548 741 617 Ecclesiae
772 550 851 616 utile
868 569 911 617 -ex
937 551 987 617 sui
1009 551 1207 619 ordinatione
1223 551 1287 635 jndi

149 642 286 717 caretur,
317 636 397 703 illud
420 636 547 705 admitti
570 643 680 719 posset
708 639 741 705 in
762 638 855 721 praxi
877 638 1095 704 adducendum
1122 640 1154 705 in
1178 638 1288 705 dirersis

147 724 352 793 Ducarius
374 729 471 807 prout
493 724 609 808 singuli
631 725 778 809 Episcopi
797 725 987 808 judicabunt
1009 726 1049 791 de
1070 727 1289 808 opportunitate

150 813 184 879 id
205 813 392 896 praestandi
412 813 446 878 in
468 813 598 896 propria
620 812 774 879 Dioecesi.

256 900 378 979 Quibus
410 901 545 981 ingenue
576 905 609 967 et
641 906 737 984 prout
763 900 894 983 spiritus
927 906 961 966 et
993 899 1159 968 Ecclesiae
1193 901 1288 969 bonuu

147 1006 318 1073 suggerere
339 988 528 1056 uidebantur
558 988 722 1072 expositis,
756 988 913 1070 reliquum
942 995 991 1054 est
1020 994 1058 1054 ut
1087 1009 1137 1055 me
1159 998 1322 1072 measou'

147 1077 378 1161 propositiones
399 1075 466 1144 Eli.
490 1075 552 1144 PP.
576 1077 696 1142 saniori
714 1077 832 1159 judicio
855 1076 1064 1143 libentissime
1085 1078 1256 1160 subjiciam.

591 1214 775 1300 †Raphael
796 1215 972 1299 Episcopus
995 1217 1201 1299 Albmganen.

613 1443 837 1512 APPENDIX.

251 1584 370 1651 Verum
393 1585 421 1650 si
438 1603 541 1668 supra
561 1585 733 1657 enunciata
759 1585 932 1668 propositio
955 1587 1155 1653 admittenda
1177 1605 1197 1653 a
1216 1585 1287 1653 Rr'nis
1329 1582 1331 1587 ’

145 1670 295 1739 Patribus
317 1690 381 1741 non
396 1673 574 1754 ¹videretur,
588 1673 734 1757 alteram
756 1672 912 1757 subjicere
935 1675 1083 1740 auderem
1114 1680 1151 1739 ut
1172 1672 1287 1756 precisi

146 1759 333 1831 Sacerdotes
364 1761 477 1842 quiuis
510 1761 614 1843 repeti
646 1765 756 1844 potest
788 1760 867 1827 illud
896 1760 1080 1845 Evangelii:
1119 1761 1221 1842 „Quid
1250 1761 1287 1827 iic

145 1849 238 1913 statis
267 1853 337 1914 tota
366 1847 417 1913 die
442 1849 573 1914 otiosi?“
611 1849 728 1930 quique
755 1866 908 1930 reponere
931 1855 1074 1931 possent:
1114 1868 1223 1930 „nemo
1243 1865 1287 1915 nos

145 1936 311 2002 conduxit“
335 1936 377 2001 ad
399 1935 527 2017 aliquod
541 1955 665 2002 sacrum
681 1934 731 2002 vel
754 1934 1002 2003 ecclesiasticum
1017 1956 1131 2003 munus
1149 1939 1231 2020 quod
1243 1953 1287 2003 uos

144 2023 350 2091 habitualiter
372 2028 543 2106 occupatos
571 2024 711 2090 detineat
732 2023 923 2103 obeundum,
954 2031 990 2089 ut
1019 2027 1148 2106 inquam
1170 2022 1286 2108 praefati

144 2111 332 2178 Sacerdotes
355 2111 500 2177 fidelibus
527 2112 668 2177 utiliores
692 2111 877 2192 evaderent,
907 2119 940 2177 et
962 2114 1061 2177 vitam
1084 2114 1185 2179 statui
1207 2110 1283 2181 eade

144 2201 272 2273 siastico
296 2201 397 2281 magis
420 2217 588 2265 consonam
613 2199 774 2282 degerent.

247 2288 460 2370 Proponerem
475 2288 755 2367 praescribendum
778 2287 837 2352 sub
853 2289 943 2370 gravi
965 2293 1001 2353 ut
1017 2288 1160 2369 quotidie
1176 2284 1282 2371 aliquod

142 2383 276 2458 tempus,
300 2378 354 2458 qui
376 2376 417 2440 ad
439 2393 536 2439 unam
557 2375 667 2440 horam
689 2375 894 2457 pertingeret,
916 2375 1111 2441 insumerent
1133 2373 1285 2459 partim-in

141 2465 326 2529 recitatione
358 2480 488 2544 precum
519 2462 675 2527 vocalium
704 2462 782 2544 ipsis
812 2463 1088 2546 assignandam,
1122 2460 1286 2545 partimin

143 2551 290 2616 exercitio
314 2549 461 2614 mentalis
478 2550 638 2629 orationis,
661 2551 712 2615 vel
735 2550 907 2632 spiritualis
922 2549 1081 2632 lectionis3
1106 2551 1191 2633 quod
1212 2567 1287 2623 extr·

142 2638 250 2703 citium
274 2655 327 2702 eos
351 2637 507 2719 obligaret
530 2643 656 2719 praeter
680 2642 864 2703 consuetum
888 2657 967 2705 onus
990 2639 1096 2705 Divini
1118 2637 1230 2706 Officii.

247 2725 296 2791 Ab
325 2725 386 2791 hoc
407 2743 488 2791 novo
507 2744 614 2808 'onere
637 2744 693 2791 eos
716 2725 757 2791 ad
779 2730 902 2807 tempus
933 2727 1130 2809 dispensare,
1164 2725 1286 2794 facilites

141 2809 232 2879 fieret
254 2813 418 2894 Episcopis
440 2815 474 2878 in
490 2813 613 2879 casibus
636 2813 880 2896 particularibus
897 2820 931 2880 et
953 2816 993 2881 ob
1015 2813 1175 2897 legitimas
1189 2826 1286 2881 cauus

138 2918 196 2980 pro
219 2918 328 2967 eorum
351 2901 482 2966 arbitrio
507 2907 540 2966 et
562 2902 789 2983 conscientia.¹

613 3162 823 3173 ——2-

613 3175 822 3186 Q

144 3478 147 3483 ¹
524 3373 579 3456 ιι.
620 3372 924 3456 possusumus

166 3549 323 3653 'NOVAM
344 3548 651 3615 REDAOTIONEM
673 3549 790 3616 JURIS
814 3548 1014 3616 CANONIOI
1036 3549 1255 3618 ATTINENS.

240 3707 285 3772 Ut
307 3708 553 3774 Ecclesiasticae
575 3707 678 3790 Leges
701 3709 733 3772 in
756 3727 868 3788 mores,
897 3709 929 3773 in
952 3709 1061 3789 vitam,
1092 3709 1125 3773 in
1147 3709 1292 3774 instituta

134 3793 378 3860 christianorum
400 3796 588 3877 populorum
605 3813 695 3860 suam
719 3796 878 3860 cumulate
893 3801 1042 3861 exserant
1064 3795 1290 3874 efficacitatem‚

132 3881 211 3946 nihil
232 3883 372 3964 proiecto
396 3882 662 3948 accommodatius
678 3890 727 3948 est
749 3883 888 3966 nihilque
907 3885 1125 3965 opportunius,
1149 3884 1292 3965 quamsi

133 3970 271 4051 sapienti
294 3972 403 4036 ordine
426 3972 570 4053 digestae
585 3972 618 4034 in
640 3989 737 4036 unum
762 3972 898 4038 codicem
920 3971 1116 4054 colligantur,
1141 3973 1183 4038 ad
1206 3973 1290 4055 cujus

133 4076 276 4123 normam
299 4078 425 4124 sacrum
449 4061 502 4141 jus
525 4065 559 4124 et
582 4058 706 4123 dicatur
735 4060 769 4123 in
791 4058 858 4124 foro
882 4065 915 4124 et
941 4060 1089 4124 tradatur
1120 4059 1155 4124 in.
1175 4059 1289 4125 scholis

132 4147 220 4212 etin
242 4165 318 4211 usus
342 4147 540 4227 quotidianos
574 4146 722 4227 religiose
745 4147 928 4212 deducatur.
982 4147 1073 4224 Quod
1103 4165 1173 4211 curn
1196 4146 1289 4228 probe

133 4235 288 4299 sentirent
310 4234 376 4299 RR.
392 4233 570 4314 Pontifices,
587 4233 674 4298 nullo
696 4239 837 4315 tempore
854 4235 1085 4315 commiserunt,
1101 4239 1138 4300 nt
1153 4235 1288 4316 ipsorum

130 4322 297 4404 vigilantia
320 4328 353 4388 et
374 4323 572 4403 providentia
595 4323 628 4387 in
650 4321 710 4388 hac
724 4326 815 4403 parte
838 4323 971 4389 deesset.
1009 4322 1081 4386 Huc
1103 4328 1186 4388 sane'
1203 4338 1286 4403 spec-
