2872 4874
384 1125 416 1207 2.
445 1123 742 1208 consulatuum
770 1126 1039 1211 andnuman
1066 1129 1216 1212 PRIMA

263 1281 383 1347 DE
422 1272 890 1398 EOQLESIA
926 1286 1343 1369 CHRISTI,

755 1408 855 1450 EDITA

403 1511 442 1565 IN
462 1510 622 1566 eoscum
642 1512 821 1567 VATICANI
841 1513 1016 1568 SESSIONE
1035 1514 1196 1582 QUARTA.

577 1701 700 1796 PIUS
729 1703 1012 1798 muscosus

467 1860 681 1916 SERVUS
698 1861 1008 1917 SERVORUM
1026 1863 1136 1926 DEI,

289 1985 384 2034 SAORO
408 1986 603 2033 APPROBANTE
628 1987 768 2035 cumulum
793 1988 835 2033 An
859 1988 1040 2034 PERPE'I'UAM
1062 1989 1114 2034 REI
1137 1989 1310 2036 usnemun.

325 2125 440 2191 Pastor
470 2132 619 2190 aeternus
652 2132 685 2191 et
712 2128 877 2209 episcopus
907 2129 1084 2192 animarum
1115 2133 1310 2205 nostrarum,
1348 2131 1384 2190 ut

217 2212 419 2281 salutiferum
440 2214 667 2295 redemptionis
683 2234 762 2296 opus
785 2234 925 2297 perenne
948 2216 1106 2295 redderet,
1131 2222 1274 2280 sanctam
1297 2214 1383 2278 aedi-

217 2301 313 2367 ficare
335 2301 511 2366 Ecclesiam
534 2301 689 2382 decrevit,
720 2304 751 2367 in
782 2321 846 2385 qua
868 2303 967 2368 veluti
993 2304 1027 2367 in
1051 2304 1142 2367 domo
1166 2302 1226 2365 Dei
1247 2301 1382 2364 viventis

216 2389 325 2454 fideles
356 2407 463 2454 omnes
494 2390 586 2453 unius
616 2388 691 2454 fidei
723 2395 754 2455 et
782 2390 948 2456 charitatis
979 2389 1103 2454 vinculo
1133 2389 1383 2453 continerentur.

217 2477 431 2558 Quapropter,
462 2478 646 2559 priusquam
669 2477 914 2558 clarificaretur,
937 2477 1061 2557 rogavit
1085 2475 1214 2540 Patrem
1237 2494 1300 2540 nou
1323 2493 1382 2555 pro

217 2563 377 2646 Apostolis
400 2570 534 2644 tantum,
560 2565 616 2630 sed
636 2571 669 2630 et
684 2584 742 2646 pro
758 2567 812 2643 eis,
837 2566 889 2647 qui
906 2564 1057 2629 credituri
1071 2569 1163 2628 erant
1178 2582 1236 2644 per
1251 2562 1382 2628 verbum

213 2659 327 2718 >eorum
349 2653 382 2716 in
404 2652 524 2735 ipsum,
557 2658 593 2716 ut
615 2671 723 2717 omnes
746 2671 843 2716 unum
870 2658 994 2729 esseut,
1026 2652 1109 2715 sicut
1139 2652 1206 2732 ipse
1229 2650 1327 2715 Filius
1351 2654 1382 2714 et

217 2740 314 2805 Pater
336 2758 434 2803 unum
450 2745 532 2805 sunt.
547 2743 571 2818 1)
617 2739 889 2817 Quemadmodum
903 2739 1002 2820 igitur
1016 2738 1196 2820 Apostolos
1221 2756 1299 2819 quos
1322 2737 1382 2802 sibi

218 2829 258 2892 de
280 2827 397 2892 mundo
419 2827 579 2910 elegerat,
602 2829 701 2907 misit,
724 2827 897 2908 sicutipse
920 2828 1033 2892 missus
1057 2832 1128 2891 erat
1151 2844 1171 2891 a
1193 2826 1303 2891 Patre:
1334 2826 1383 2889 ita

217 2916 251 2980 in
265 2914 412 2980 Ecclesia
427 2934 485 2980 sua
501 2914 652 2980 Pastores
677 2920 709 2979 et
724 2914 877 2980 Doctores
894 2932 994 2996 usquc
1018 2915 1059 2979 ad
1081 2914 1383 2980 consummationem

218 3002 334 3070 saeculi
358 3021 428 3069 esse
450 3004 559 3069 uoluit.
604 3002 649 3068 Ut
665 3020 739 3066 vero
755 3003 967 3084 Episcopatus
989 3004 1056 3083 ipse
1077 3020 1159 3066 unus
1176 3007 1209 3066 et
1231 3001 1385 3065 indivisus

219 3095 319 3170 esset,
353 3096 387 3156 et
408 3110 466 3172 per
489 3092 694 3156 cohaerentes
725 3089 784 3154 sibi
814 3090 949 3156 invicem
980 3092 1163 3156 sacerdotes
1188 3089 1384 3154 credentium

218 3178 388 3244 multitudo
403 3180 552 3245 universa
567 3179 600 3242 in
615 3177 688 3242 fidei
704 3183 737 3242 et
753 3179 978 3245 communionis
994 3179 1117 3242 unitate
1129 3183 1381 3256 conservaretur,

217 3266 347 3331 beatum
369 3267 503 3332 Petrum
533 3266 669 3332 caeteris
691 3265 853 3346 Apostolis
875 3283 1075 3347 praeponens
1097 3267 1129 3330 in
1151 3265 1220 3346 ipso
1247 3265 1386 3329 instituit

218 3361 407 3437 perpetuum
419 3356 584 3434 utriusque
596 3353 727 3418 unitatis
743 3354 932 3435 principium
944 3372 982 3418 ac
993 3353 1117 3418 risibile
1132 3352 1384 3430 fundamentum,

218 3460 315 3523 super
345 3443 433 3524 cujus
464 3441 682 3508 fortitudinem
709 3445 874 3506 aeternum
900 3446 1119 3507 exstrueretur
1148 3440 1317 3523 templum,
1352 3446 1385 3504 et

219 3529 384 3597 Ecclesiae
416 3530 503 3596 coelo
533 3528 696 3594 inferenda
725 3529 901 3594 sublimitas
931 3531 963 3593 in
998 3528 1091 3609 huJ'us
1127 3527 1202 3593 fidei
1232 3528 1386 3593 firmitate

219 3623 434 3699 consurgeret.
449 3618 476 3701 2)
511 3616 555 3681 Et
570 3617 724 3698 quoniam
733 3621 846 3698 portae
868 3616 961 3682 inferi
977 3617 1019 3681 ad
1033 3619 1243 3696 evertendam,
1269 3617 1296 3680 si
1316 3612 1386 3679 fieri

218 3711 340 3789 posset,
373 3705 551 3771 Ecclesiam
574 3709 686 3770 contra
711 3704 778 3784 ejus
806 3704 1049 3771 fundamentum
1072 3704 1221 3770 diuinitus
1243 3703 1384 3787 positum

218 3794 332 3878 majori
353 3794 387 3856 in
403 3793 470 3857 dies
493 3793 564 3857 odio
587 3792 726 3874 undique
748 3793 935 3875 insurgunt,
959 3792 1024 3858 Nos
1045 3794 1087 3858 ad
1111 3791 1256 3857 catholici
1278 3791 1386 3871 gregis

220 3880 411 3960 custodiam,
435 3880 698 3960 incolumitatem,
729 3888 949 3962 augmentum,
973 3881 1188 3946 necessarium
1212 3895 1281 3943 csse
1300 3877 1384 3957 judi-

221 3985 339 4049 camus,
371 3986 461 4034 sacro
491 3968 689 4049 approbante
718 3967 876 4048 Concilio,
909 3969 1084 4034 doctrinam
1108 3967 1146 4031 de
1176 3966 1384 4045 institutione,

219 4056 444 4139 perpetuitate,
468 4074 506 4120 ac
528 4062 643 4122 natura
659 4057 742 4122 sacri
758 4056 933 4138 Apostolici
954 4056 1119 4137 primatus
1144 4055 1177 4119 in
1199 4072 1261 4135 quo
1285 4054 1386 4118 totius

331 4247 780 4315 ¹)Cf.Joan.XV11.r.2o.sq.
992 4318 997 4329 ἱ
1056 4317 1062 4327 ⁴
1213 4316 1218 4325 ,
1289 4314 1295 4324 υ

330 4316 352 4388 ²)
372 4317 399 4372 S.
418 4318 475 4373 Leo
495 4318 532 4376 M.
553 4334 633 4372 serm.
654 4318 701 4372 IV.
721 4319 768 4387 (al.
787 4316 848 4386 111.)
867 4333 926 4385 cap.
945 4321 970 4370 2.
989 4333 1017 4370 m
1036 4317 1107 4370 duem
1125 4315 1234 4369 Natalis
1254 4330 1304 4367 suu
