2872 4874
138 302 198 363 106
633 314 801 361 cosmiana

135 453 362 520 Patriarchalis
404 455 613 519 Armeuorum
648 452 780 517 habitae
822 450 1100 535 Constantinopoli.
1132 453 1268 534 praedict

136 560 232 621 auno,
266 542 316 606 cui
348 540 473 623 synodo
505 559 613 606 omnes
648 541 817 605 Antistites
850 540 980 605 Armeni
1016 560 1150 607 numero
1183 541 1268 623 vigint

135 631 385 710 intervenerant,
416 634 450 695 et
482 629 514 693 iu
549 626 650 693 forma
683 627 854 705 schematis
888 647 947 709 pro
980 630 1123 693 examine
1154 629 1268 710 ejusden

134 717 282 789 Patribus
304 715 513 798 synodalibus
543 714 603 781 luit
625 735 681 797 per
713 716 803 781 varia
831 715 1023 798 exemplaria
1046 716 1229 796 distributa,
1256 736 1268 781 a

132 808 244 887 postea
266 805 299 869 iu
314 803 570 885 Congregatione
593 801 742 868 Generali
766 807 816 867 78.
855 803 927 867 Diei
943 808 995 868 28.
1012 804 1156 884 ejusdcm
1180 805 1268 869 mensi

134 897 167 958 et
188 892 273 971 anni,
296 889 391 963 facta,
413 889 669 972 interpellatione
693 909 713 957 a
735 889 921 971 Promotore
943 890 1071 973 Synodi
1102 892 1212 957 eadem
1231 889 1268 956 ior

134 980 220 1045 mula
242 977 303 1045 fuit
324 977 517 1043 unanimiter
546 980 587 1044 ab
610 978 755 1043 omuibus
777 977 926 1042 Patribus
958 979 1137 1060 adprobata
1163 997 1268 1059 eamqu

134 1067 252 1134 litteris
273 1065 489 1149 synodalibus¹
516 1066 696 1148 consignari
719 1070 875 1131 statutum
898 1065 973 1144 luit,
1005 1073 1101 1147 prout
1123 1067 1156 1130 in
1178 1063 1268 1132 verbcl

134 1155 300 1233 Processu,
324 1159 357 1218 et
381 1154 504 1219 actibus
527 1153 744 1219 Notariahbus
772 1153 913 1235 ejusdem
938 1153 1056 1235 Synodi
1077 1154 1212 1219 relatum
1233 1158 1268 1218 est

241 1259 360 1324 Datum
383 1259 512 1337 Romae,
537 1278 576 1324 ex
603 1258 742 1323 Aedibus
770 1258 889 1336 „Ritiro
913 1258 1029 1323 Platti“

451 1346 510 1410 Die
535 1352 585 1412 10.
610 1346 718 1411 Martii
743 1350 837 1411 1870.

660 1453 665 1463 ’
717 1451 871 1515 Antonius
895 1451 1007 1516 Petrus
1029 1453 1085 1517 IX.

706 1538 892 1603 Patriarcha
917 1536 1101 1604 Ciliciensis.

644 1719 646 1722 y
725 1643 862 1708 lacobus
885 1644 1087 1727 Kaidangian

637 1729 787 1794 Notarius
810 1730 928 1814 Synodi
954 1730 1189 1797 Patriarchalis.

610 1916 820 1923 ..m—...nnm—

513 2045 563 2127 12.
607 2045 911 2128 coadunatum
1023 1978 1026 1983 Δ

135 2203 216 2269 rao
254 2146 505 2269 occulmcn
542 2193 818 2269 onrrmmunn
856 2166 1161 2269 assensionis
1202 2178 1268 2270 coi

372 2308 541 2374 coenan
563 2308 608 2373 m
632 2307 808 2375 connum
830 2308 1054 2375 ourrlurrr.

167 2446 169 2451 ’
194 2498 197 2502 .
309 2448 558 2515 Eminentissimi
581 2456 677 2531 atque
701 2448 968 2514 Excellentissimi
990 2448 1119 2515 Patres!

226 2554 439 2619 *Postulatum
462 2574 482 2619 a
504 2554 570 2619 fere
592 2554 641 2620 bis
665 2560 790 2620 centum
816 2554 979 2620 Patribus¹
996 2552 1130 2620 Concilii
1152 2556 1267 2620 Vatica

136 2639 355 2728 Cardinalibus
371 2642 499 2721 scilicet,
523 2642 727 2720 Patriarchis‚
744 2640 1006 2723 Archiepiscopis‚
1031 2641 1207 2724 EpiscopiS,
1224 2643 1268 2721 Nu

134 2726 195 2792 lius
218 2728 405 2810 Abbatibus,
438 2735 471 2795 et
493 2731 647 2812 supremis
679 2729 902 2794 Sodalitiorum
926 2729 1129 2811 Regulariunr
1154 2731 1268 2796 Moder

135 2816 267 2896 toribus,
291 2819 450 2899 gentianis
472 2835 582 2881 sensus
614 2818 711 2882 totius
734 2817 902 2882 Ecclesiae
920 2818 1161 2897 interpretibus
1195 2819 1268 2896 obsit

135 2907 246 2969 natum
266 2905 445 2970 incredibili
474 2905 596 2969 laetitia
627 2905 804 2979 exultantes
829 2905 923 2970 Vobis
953 2903 1144 2971 exhibemus.
1198 2907 1268 2971 inc

135 2992 218 3056 enim
241 2993 282 3057 ad
304 2992 461 3073 majorem.
480 2993 539 3056 Dei
561 2991 633 3056 Filii
655 2997 750 3074 atque
778 2992 936 3074 Deiparae
958 2991 1102 3074 gloriam,
1125 2993 1167 3056 ad
1191 2992 1268 3057 lucil

135 3076 232 3149 bilem
255 3081 394 3144 omnium
423 3076 680 3144 Christilidelium
710 3080 972 3158 consolationem,
1004 3079 1138 3145 Beatam
1160 3080 1267 3146 Maria

137 3167 245 3231 anima
264 3167 464 3232 immaculata
496 3175 529 3231 et
552 3185 684 3248 corpore
706 3170 848 3250 virgineo
879 3168 921 3232 ad
944 3167 1104 3233 dexteram
1134 3169 1195 3233 Dei
1217 3169 1268 3235 Fil

136 3258 277 3321 nostram
310 3255 615 3336 praestantissimam
643 3255 863 3323 ‚niediatricem
901 3257 932 3318 in
967 3254 1063 3319 coelis
1098 3255 1244 3336 adstare,

136 3339 341 3407 sacrosancto
366 3341 506 3406 Concilio
523 3343 674 3425 Vaticano
699 3344 845 3425 explicite
868 3345 908 3407 et·
924 3343 1107 3408 solemniter
1131 3343 1268 3409 declarat

136 3433 169 3495 et
184 3426 307 3493 definiri
322 3430 529 3510 perardenter
543 3429 732 3510 postulatur.
769 3431 884 3496 Omnes
900 3430 1026 3511 quidem
1042 3435 1161 3495 certam
1177 3431 1268 3497 haber

136 3517 409 3601 spemgcneraha
425 3516 593 3597 Ecclesiae
623 3515 804 3583 Catholicae
829 3516 971 3597 Comitia,
997 3537 1076 3598 quae
1101 3519 1158 3582 sub
1182 3518 1268 3584 faust

137 3604 285 3695 auspiciis
308 3603 418 3669 Almae
436 3606 584 3686 'Reginae
613 3605 654 3669 ab
668 3605 762 3673 omni
785 3605 932 3687 originali
958 3604 1034 3692 *labe
1056 3606 1217 3680 immunis.
1230 3613 1268 3672 ta

137 3686 241 3763 felicia
262 3689 402 3757 habuere
417 3693 556 3773 exordia,
571 3694 648 3774 Ipsa
665 3693 817 3778 Patrona,
833 3693 1033 3775 interemptis
1049 3695 1268 3760 cunctishaer

136 3778 239 3861 sibus·
254 3779 310 3843 ad.
328 3778 541 3845 desideratam
568 3799 667 3861 usque
691 3787 808 3846 metam
838 3783 1069 3862 quamprimum
1101 3786 1133 3846 et
1165 3780 1268 3848 felicit

136 3883 205 3931 esse
229 3874 430 3947 perventura.

241 3971 359 4038 Romae
382 3973 433 4039 die
455 3973 562 4037 XXlll
583 3971 750 4038 Februarii
776 3972 813 4039 A.
837 3972 874 4036 R.
902 3978 995 4039 1870.

452 4122 455 4127 -
671 4077 846 4141 Humillimi
868 4083 901 4142 et
924 4078 1140 4142 Addictissimi

464 4163 628 4247 †Joseph
650 4163 769 4230 Bened.
793 4165 935 4231 Dusrnet.
959 4165 1105 4247 Archiep.
1129 4165 1267 4232 Catanie

292 4270 295 4277 ’
332 4343 334 4347 ¹
423 4287 425 4291 >
468 4251 690 4345 'childericus
714 4251 755 4315 M.
780 4252 855 4317 ldco
872 4252 1155 4334 aptissimam.
