2872 4874
242 329 283 388 82
737 340 905 388 rosruuxrx

238 487 339 549 totam
361 488 611 562 repraesentans,
635 481 753 560 absque
768 480 955 546 Successore
971 480 1078 545 Sancti
1094 480 1181 545 Petri
1204 481 1318 546 baberi
1342 499 1404 548 non

240 588 339 650 posse,
374 589 544 650 omnesque
580 570 715 634 Sanctae
749 567 839 632 Sedis
871 568 1028 633 mandatis
1053 569 1294 649 promptissimo
1319 568 1403 634 'obe-

232 659 329 722 diunt
351 660 465 722 animo.

344 746 515 810 Praeterea
537 763 619 824 quae
642 744 680 807 de
703 742 864 808 Pontificis
880 745 1013 808 Romani
1038 746 1230 809 auctoritate
1254 744 1402 811 fidelibus

238 834 374 900 tenenda
397 836 461 898 sint
476 831 646 897 Concilium
662 831 880 896 Tridentiuum
904 833 1010 910 edixit,
1027 831 1243 897 Florentinum
1267 852 1402 914 quoque,

240 924 327 1004 cujus
360 940 398 986 ea
433 921 470 984 de
499 939 533 984 re
557 921 719 986 decretum
750 922 783 984 in
813 921 934 984 cunctis
963 920 1157 1001 singulisque
1189 939 1227 985 eo
1260 923 1403 988 sanctius

239 1013 425 1077 observetur
447 1017 582 1089 oportet,
616 1009 763 1088 quoniam
787 1007 949 1072 Ecclesiae
973 1009 1091 1072 latinae
1115 1016 1147 1072 et
1169 1027 1304 1088 graecae
1329 1028 1401 1075 con·

237 1117 333 1164 sensu
355 1097 507 1162 indictum
533 1103 590 1175 est,
623 1103 719 1177 atque
744 1097 771 1160 si
793 1096 946 1160 Dominus
977 1099 1017 1160 ad
1041 1095 1203 1161 Orientem
1232 1104 1282 1162 tot
1312 1098 1403 1163 malis

237 1203 421 1266 oppressum
445 1185 679 1250 misericordiae
702 1202 780 1249 suae
794 1183 901 1249 oculos
924 1191 1106 1249 convertere
1122 1185 1280 1265 dignetur,
1312 1187 1399 1253 uuio-

183 1273 191 1281 ’
237 1275 284 1338 nis
307 1274 523 1338 restituendae
546 1271 786 1337 fundamentum
812 1274 881 1336 erit.
929 1273 1066 1347 Accedit
1091 1273 1183 1352 quod,
1208 1280 1320 1338 nostra
1342 1274 1400 1338 hac

236 1367 433 1444 tempestate,
459 1363 611 1425 adversus
635 1379 697 1438 eoo,
730 1360 838 1440 quiin
862 1360 1043 1439 religionem
1066 1368 1219 1440 tanquam
1242 1365 1400 1427 commen·

236 1457 305 1514 tum
337 1451 471 1513 humano
502 1450 611 1530 generi
643 1448 768 1512 exitiale
805 1455 1007 1528 consurgunt,
1043 1467 1152 1529 pugna
1183 1450 1223 1514 ab
1257 1450 1400 1515 Ecclesia

237 1537 422 1604 sustinenda
453 1538 494 1601 sit
517 1556 599 1601 nova
630 1545 705 1600 eta
735 1536 870 1600 saeculis
893 1537 1044 1613 inaudita,
1080 1538 1185 1601 itaut
1212 1555 1275 1601 non
1301 1556 1399 1619 aeque

236 1626 411 1691 consultum
435 1626 578 1690 videatur
609 1625 732 1705 populis
758 1623 922 1688 catholicis
951 1631 1000 1689 tot
1023 1627 1160 1704 undique
1191 1625 1399 1696 machinatio-

235 1716 326 1780 nibus
350 1717 382 1778 iu
412 1715 618 1778 tentationem
648 1713 785 1777 inductis
815 1713 944 1793 majora,
969 1732 1064 1794 quam
1091 1731 1171 1794 quae
1194 1712 1308 1778 Patres
1331 1713 1399 1778 Tri·

236 1803 363 1881 clentini,
387 1803 558 1882 imponere.

342 1889 420 1954 Cum
456 1891 537 1954 enim
571 1892 654 1953 inter
689 1889 829 1968 potiores
863 1889 1007 1952 nationes
1041 1885 1222 1952 Catholicae
1266 1907 1397 1954 munere

234 1976 417 2059 Episcopali
438 1978 614 2057 iungamur,
644 1995 748 2041 rerum
772 1976 859 2058 apud
890 1995 943 2041 eas
968 1984 1088 2041 statum
1119 1976 1305 2057 quotidiano
1328 1989 1398 2042 uos-

234 2068 333 2132 oimus
358 2085 425 2144 usu,
440 2072 545 2145 atque
567 2066 639 2130 ideo
663 2065 754 2129 nobis
777 2082 888 2145 reapse
913 2072 1037 2130 constat
1053 2062 1267 2129 definitionem
1291 2065 1397 2144 hujus-

234 2155 326 2231 modi,
352 2173 432 2235 quae
455 2153 541 2217 nulla
565 2159 697 2234 cogente
720 2154 910 2217 necessitate
934 2154 1128 2234 postulatur,
1158 2171 1241 2217 nova
1263 2153 1396 2219 inimicis

232 2244 264 2307 in
286 2242 463 2311 Ecclesiam
487 2260 575 2305 arma
598 2240 880 2320 suppeditaturam,
906 2247 1000 2322 atque
1024 2241 1106 2322 apud
1123 2240 1277 2323 plurimos
1301 2241 1397 2306 etiam

233 2331 371 2396 melioris
402 2334 496 2393 notae
526 2331 610 2393 viros
638 2327 705 2392 fore
735 2329 838 2393 minus
867 2335 1038 2409 acceptam,
1073 2329 1120 2392 ita
1149 2335 1184 2392 ut
1215 2329 1261 2392 illi
1285 2349 1396 2394 ansam

232 2423 430 2482 assumerent
454 2416 575 2495 reliqua
592 2414 774 2480 Catholicae
789 2415 954 2480 Ecclesiae
974 2417 1049 2496 jura
1063 2417 1247 2495 invadendi;
1271 2417 1395 2484 bivero

232 2507 333 2587 (quod
356 2505 461 2568 animo
485 2505 575 2568 nobis
599 2522 705 2568 coram
729 2505 797 2567 Deo
821 2508 852 2568 et
876 2503 1051 2569 homiuibus
1075 2504 1138 2568 alte
1162 2503 1293 2568 infixum
1316 2505 1394 2586 Tibi,

231 2592 328 2657 Pater
351 2593 480 2673 optime,
504 2592 671 2672 adaperire
695 2592 879 2673 statuimus)
904 2610 965 2656 non
988 2592 1108 2673 absque
1131 2593 1272 2672 periculo
1297 2593 1395 2659 schis-

231 2682 334 2760 matis
357 2681 390 2744 iu
413 2680 589 2762 praecipuis
613 2680 773 2760 religionis
797 2686 925 2744 nostrae
948 2682 1166 2746 sanctissimae
1191 2678 1303 2746 officiis
1327 2701 1394 2763 per·

231 2769 397 2847 solvendis,
423 2787 460 2832 ac
483 2769 573 2833 bonis
597 2768 744 2849 operibus
769 2768 976 2848 adimplendis
999 2769 1226 2833 relaxarentur.
1274 2776 1278 2781 ’
1434 2824 1435 2829 ,

336 2856 423 2920 Haec
439 2855 609 2921 sanctitati
624 2856 717 2933 Tuae,
742 2875 779 2920 ea
802 2875 897 2936 quam
914 2855 1065 2936 Supremo
1090 2856 1228 2920 omnium
1252 2855 1393 2923 fidelium
1421 2889 1427 2895 ·

229 2944 318 3010 Patri
340 2945 489 3009 debemus
512 2945 694 3009 sinceritate
719 2945 917 3027 exposuimus
940 2951 972 3007 et
993 2944 1069 3022 Tuo,
1094 2963 1272 3024 precamur,
1308 2965 1393 3012 man·

230 3035 304 3098 dato
328 3033 390 3112 fiat,
425 3039 461 3096 ut
484 3032 627 3098 doctrina
659 3033 748 3114 cujus
771 3034 968 3098 sanctionem
997 3038 1111 3113 petunt
1134 3029 1276 3098 Concilio
1301 3053 1394 3100 oecu-

227 3124 351 3188 menico
375 3121 571 3185 discutienda
593 3120 678 3184 baud
701 3126 928 3200 proponatur.-

334 3208 500 3273 Caeterum
525 3209 567 3273 ad
595 3209 693 3289 pedes
716 3215 788 3271 tuos
819 3207 976 3288 provoluti
1007 3225 1064 3288 pro
1089 3205 1186 3271 Nobis
1209 3213 1243 3272 et
1266 3209 1395 3291 populis

227 3317 306 3380 quos
341 3298 382 3362 ad
416 3297 518 3361 Deum
548 3297 766 3378 perducendos
801 3299 986 3376 accepimus,
1022 3294 1226 3376 apostolicam
1254 3299 1396 3376 petimus

226 3385 484 3450 benedictionem.

331 3509 450 3572 Romae
473 3507 524 3571 die
551 3512 600 3570 18.
625 3507 767 3573 ianuarii
793 3512 888 3572 1870.

659 3645 844 3711 Sanctitatis
867 3645 954 3711 Tuae

639 3787 813 3851 Humillimi
838 3787 1037 3868 Obsequent.⁴
1053 3786 1167 3850 Devot.
1188 3785 1280 3851 Semi

281 3947 370 4012 Huic
385 3947 600 4028 postulationi
623 3947 880 4026 subscripserant
901 3951 1018 4025 septem
1043 3943 1177 4010 eausam
1199 3942 1331 4010 Patres.

699 4193 909 4201 ’.κ-,-
