2872 4874
134 334 200 395 iso
658 339 825 393 susurnam

243 485 442 565 Ponuntur,
470 489 512 548 ut
545 489 620 566 post
655 489 854 550 contractum
890 482 1126 548 matrimonium
1156 480 1190 545 in
1218 479 1279 549 aue

137 573 309 653 Ecclesiae,
333 573 361 637 si
377 572 461 654 quod
475 571 736 653 impedimentum
756 571 838 654 juris
854 570 985 636 humaui
1000 570 1182 652 detegatur
1203 586 1279 652 penos

137 660 329 745 Episcopum
352 662 395 726 sit
410 660 570 725 ordinaria
591 663 736 740 potestas
758 659 838 723 illud
852 657 986 724 tollendi
1009 662 1042 723 et
1064 657 1280 723 matrimonium

134 748 367 828 convalidandi
393 752 524 828 excepto
546 765 634 826 casu,
659 764 722 827 quo
744 751 881 827 utraque
902 763 978 827 pars
1008 746 1042 809 in
1063 743 1208 811 fraudem
1226 761 1279 811 osu·

131 838 293 916 traxisset,
316 842 351 901 et
366 835 465 901 multo
480 835 585 916 magis
608 836 650 899 sit
664 853 760 916 penu
775 833 967 916 Episcopum
983 833 1146 900 ordinaria
1166 831 1280 898 facultas
1311 888 1313 895 .

133 923 340 1007 dispensandi
362 923 404 988 ad
421 922 596 1003 petendum
617 923 756 988 debitam
778 921 955 1004 conjugale.

243 1010 428 1076 Postulatur
449 1015 486 1076 ut
508 1029 565 1092 per
587 1009 619 1076 S.
642 1009 756 1076 Sedem
777 1008 994 1092 Apostolioam
1017 1007 1186 1075 dirimatur
1206 1024 1279 1088 qino
1304 1020 1307 1025 '

136 1099 198 1165 stio
222 1100 307 1165 iuter
321 1097 499 1179 Theologos
522 1098 645 1178 agitata
666 1115 707 1161 au
724 1096 902 1180 Episcopus
917 1096 1017 1178 possit
1032 1096 1211 1175 absolvere,
1231 1095 1280 1160 siu
1305 1164 1308 1171 ,

134 1205 196 1268 per
226 1187 378 1267 seipsum,
409 1186 475 1252 sive
506 1203 679 1268 persuum
711 1184 881 1266 specialem
904 1184 1095 1266 Delegatum
1116 1185 1159 1250 ah
1181 1199 1280 1249 ermn-
1307 1174 1313 1193 “

139 1274 353 1340 municatioue
373 1274 444 1339 lata
465 1273 498 1337 in
519 1272 761 1352 confessarium,
785 1273 838 1355 qui
854 1272 1040 1355 complicem
1061 1289 1155 1336 suum
1177 1272 1208 1337 in
1227 1287 1280 1352 pes·

134 1366 212 1428 cato
234 1362 321 1443 turpi
344 1361 489 1439 absolvit,
513 1362 541 1425 si
564 1378 657 1426 casus
680 1361 723 1425 sit
745 1361 906 1426 occutus:

129 1503 132 1507 .
170 1471 175 1480 ’
247 1449 446 1528 Postulatur,
481 1453 518 1512 ut
548 1468 568 1514 a
599 1448 630 1514 S.
666 1447 747 1514 Sede
781 1449 973 1526 declaretur,
1009 1466 1051 1512 an
1084 1452 1118 1512 et
1149 1450 1279 1528 quatenus

138 1537 247 1619 vigeat
269 1536 373 1601 adhuc
401 1537 553 1618 obligatio
582 1537 771 1619 gravissima
798 1536 946 1618 imposita
966 1533 1112 1601 fidelibus
1144 1552 1200 1616 per
1218 1531 1279 1599 (lon-
1311 1572 1313 1579 ·

139 1625 320 1690 stitutiones
350 1622 531 1690 Pontificias
562 1624 772 1691 denunciaudi
800 1623 990 1703 haereticos,
1024 1622 1064 1687 de
1094 1621 1217 1689 haeresi
1243 1637 1279 1686 sn·

138 1718 279 1794 spartos,
312 1712 584 1793 blasphematores
617 1711 834 1786 haereticoles
868 1709 1083 1776 Carbonarios
1114 1714 1147 1775 et
1168 1707 1278 1790 reliquos

140 1801 292 1866 sectarios
324 1806 384 1866 eto.
416 1800 632 1882 superioribus
663 1799 897 1880 ecclesiasticis,
927 1817 999 1863 cum
1030 1798 1071 1863 ob
1101 1811 1278 1862 aerumnosas

137 1893 319 1970 temporum
341 1892 522 1953 nostrorum
544 1887 779 1952 vicissitudines
801 1886 895 1951 valde
911 1885 1046 1951 difficilis
1068 1904 1107 1950 ac
1121 1883 1277 1966 plerumque

135 1976 273 2058 exiguae
295 1994 352 2040 seu
374 1975 493 2041 nullius
515 1975 663 2040 utilitatis
686 1976 825 2040 evaserit
847 1974 926 2040 haec
950 1973 1162 2041 denunciatio.
1253 1990 1256 1998 ·

644 2079 827 2160 †Joannes
851 2079 1006 2144 Antonius
1029 2079 1147 2143 Farina

698 2166 873 2248 Episcopus
896 2166 1093 2232 vicentinus,

618 2357 829 2376 mmm-„nm-„uss

593 2568 645 2650 12.
676 2566 855 2651 Pullum

219 2722 348 2792 UNIUS
372 2723 556 2790 CONSILII
580 2724 727 2791 PATRIS
752 2725 809 2790 DE
832 2725 946 2791 LEGE
968 2723 1170 2790 FERENDA
1191 2723 1233 2790 lh

251 2828 525 2897 SAGERDOTES
547 2828 771 2897 RARISSIME
791 2829 1203 2897 SACRA'MENTALITER

566 2934 875 3006 CONFITENTES.

568 3130 757 3195 Beatissime
781 3130 890 3194 Pater!

251 3282 301 3346 Ex
322 3286 477 3364 omnihus,
501 3305 583 3367 quae
606 3289 645 3352 ad
662 3289 833 3370 puritatem
856 3286 1122 3367 sanctitatemque
1144 3287 1300 3351 levitamm

141 3368 313 3435 fovendam
337 3377 432 3452 atque
456 3376 700 3453 promovendam
724 3378 757 3439 in
774 3374 910 3439 ecclesia
926 3375 1102 3438 constituta
1124 3380 1208 3454 sumt,
1233 3371 1302 3438 nihil

147 3455 254 3523 forsan
279 3461 383 3538 aptius
418 3459 636 3543 efficaciusque
660 3469 725 3542 est,
760 3480 854 3542 quam
877 3470 914 3527 ut
941 3462 1125 3527 sacerdotes
1148 3467 1190 3526 et·
1205 3458 1305 3527 clerici

147 3562 241 3625 saepe
263 3546 376 3627 pieque
400 3549 440 3612 ad
464 3556 609 3615 sanctum
632 3551 844 3632 poenitentiae
867 3549 1005 3613 tribunal
1028 3549 1198 3616 accedant·
1221 3547 1304 3628 Quod

148 3633 230 3698 enim
254 3635 460 3701 catechismus
475 3640 636 3702 Romanus
659 3640 698 3702 de
722 3656 759 3702 eo
774 3643 974 3701 sacramento
998 3636 1112 3703 habet:
1139 3637 1306 3716 „Omnibus

147 3719 214 3785 fere
247 3722 308 3801 piis
341 3742 528 3804 persuasum
562 3745 646 3806 esse,
681 3726 833 3807 quidquid
864 3724 924 3790 hoo
955 3731 1098 3805 tempore
1122 3724 1306 3803 sanctitatis,

148 3808 278 3888 pietatis
302 3815 335 3873 et
364 3813 524 3894 religionis
555 3815 588 3878 in
611 3813 742 3879 ecclesia
771 3831 893 3877 summo
917 3813 977 3876 Dei
1011 3810 1164 3877 beneficio
1188 3830 1308 3877 conser-

148 3902 259 3959 vatum
284 3897 340 3978 sit,
371 3900 403 3964 id
430 3919 544 3983 ntegra
577 3920 615 3966 ex
642 3907 734 3982 parte
769 3901 955 3966 confessioni
982 3900 1186 3965 tribuendum
1210 3902 1306 3979 esse‚“

149 3982 248 4046 multo
283 3988 385 4068 magis
411 3989 627 4054 sacerdotibus
655 3991 780 4053 videtur
811 4007 880 4053 esse
911 3989 1041 4052 dictum.
1093 3986 1174 4051 Nam
1198 3989 1226 4052 si
1252 3986 1310 4052 ire-

146 4071 259 4150 quenti
282 4075 471 4141 confessioni
504 4075 583 4140 illud
616 4077 779 4157 proprium
813 4078 870 4155 sit,
904 4082 942 4139 ut
969 4093 988 4138 a
1018 4082 1151 4156 peccato
1179 4079 1310 4152 avertat

149 4157 344 4236 vigilantiam
368 4165 484 4239 foveat,
508 4163 663 4227 fervorem
689 4171 815 4246 augeat,
840 4163 1060 4240 humilitatem,
1088 4164 1228 4226 omnium
1249 4162 1310 4226 vir·

144 4251 251 4309 tutum
273 4246 366 4316 facile
388 4260 529 4331 matrem,
553 4258 726 4331 conservet,
749 4253 849 4332 magis
872 4250 1088 4316 sacerdotibus
1112 4249 1206 4330 hujus
1226 4249 1308 4313 salu-

147 4333 231 4397 taris
253 4339 430 4404 medicinae
452 4340 600 4420 frequens
622 4355 699 4402 usus
714 4338 917 4402 >necessarius
940 4343 1002 4418 est,
1026 4338 1176 4418 quoniam
1197 4336 1308 4402 ceteris
