2872 4874
222 317 264 376 62
714 327 885 375 rosuumm

218 485 344 619 sEenlrpetr
361 467 522 567 ¹quaedam
549 473 658 549 partes
682 485 719 530 ac
749 466 845 530 veluti
868 464 964 532 iacies
992 467 1150 531 veritatis:
1186 466 1272 548 quod
1297 467 1391 547 ajunt

250 572 266 620 c
280 574 315 620 ec
330 574 379 618 rer.

760 744 845 809 XIII.

327 885 435 950 Etiam
468 885 501 948 in
532 884 642 948 ordIne
677 885 827 965 practico,
862 885 915 965 qni
947 886 979 950 in
1016 884 1192 950 theoretico
1222 882 1391 963 fundatur,

218 975 377 1059 pessimae
400 973 645 1052 consequentiae
669 989 706 1034 ex
730 973 841 1036 eadem
857 971 1215 1039 doctrina'inferuntur.
1251 971 1393 1037 Homine

123 1136 126 1143 ‚
215 1064 304 1128 euim
327 1060 423 1125 semel
439 1059 576 1124 admisso
592 1059 633 1124 ad
648 1059 865 1125 immediatam
889 1078 960 1124 cum
975 1061 1043 1124 Deo
1060 1061 1390 1139 communicationem,

216 1150 363 1232 aperitur
378 1149 484 1214 aditus
507 1148 549 1213 ad
563 1146 794 1230 Theosophiam
817 1147 975 1228 quandam
991 1149 1158 1228 mysticam
1181 1152 1214 1211 et
1229 1146 1392 1213 occultam

221 1256 283 1318 qna
305 1236 398 1301 facile
416 1236 600 1317 persuaderi
622 1240 756 1316 possunt
779 1239 812 1299 et
828 1254 847 1299 a
863 1235 956 1316 culpa
977 1236 1106 1300 liberati
1127 1234 1268 1301 actiones
1293 1253 1392 1317 quae-

220 1325 306 1405 libet,
331 1330 363 1390 et
385 1325 540 1405 superbus
564 1322 733 1403 cujuslibet
755 1323 956 1388 auctoritatIs
988 1329 1044 1387 aut
1066 1324 1145 1405 legis
1174 1328 1390 1404 contemptus,

220 1412 376 1489 nonssine
399 1430 512 1492 magno
542 1411 669 1476 moralis
694 1418 726 1476 et
756 1410 881 1475 socialis
905 1411 1023 1475 ordinis
1048 1411 1248 1476 detrimento.
1308 1409 1390 1475 Nam

217 1501 253 1565 in
278 1500 427 1580 operibus
450 1503 484 1562 et
505 1498 595 1564 libris
609 1497 802 1563 Liberalium
819 1497 1057 1581 Ontologismus
1079 1498 1268 1579 plerumque
1291 1497 1390 1563 domi-

221 1593 325 1666 natur,
356 1593 389 1652 et
412 1584 495 1651 tradi
526 1586 606 1651 solet
630 1591 782 1667 tanquam
807 1586 951 1652 doctriua
973 1587 1038 1650 suis
1061 1587 1231 1667 propositis
1253 1604 1390 1668 praepa·

221 1675 322 1739 randa
343 1681 595 1758 peropportuna
624 1680 657 1738 et
680 1673 862 1739 Giobertius
886 1693 924 1737 cx
946 1674 1007 1739 hae
1029 1673 1231 1756 philosophia
1254 1675 1388 1740 intuitus

216 1762 327 1843 infert,
361 1762 540 1828 naturalem
571 1762 712 1827 ordinem
740 1768 773 1826 et
802 1762 1077 1843 supernaturalem
1107 1780 1142 1825 re
1165 1779 1229 1824 non
1253 1757 1385 1839 differre,

218 1848 424 1931 Theologiam
447 1868 518 1916 esse
534 1868 737 1932 progressum
752 1849 930 1914 naturalem
945 1848 1173 1932 philosophiae,
1189 1848 1253 1913 imo
1269 1855 1385 1915 utram·

217 1955 283 2021 oue
306 1956 375 2003 esse
400 1957 494 2002 unam
517 1938 712 2019 eandemque
736 1938 902 2002 scientiam
925 1944 984 2003 etc.

764 2147 847 2212 inv,
956 2127 961 2133 ’

206 2334 214 2343 ,
330 2286 389 2351 His
412 2286 543 2367 aliisque
565 2287 749 2366 rationibus
782 2305 869 2368 quas,
902 2305 941 2351 ne
964 2287 1053 2350 nimii
1075 2288 1183 2366 simus,
1214 2286 1387 2351 omittimus

219 2375 368 2456 permoti,
399 2374 607 2455 postulamus,
639 2379 675 2438 ut
696 2373 775 2438 haee
797 2374 962 2456 pernicies
996 2393 1078 2455 quae
1100 2374 1166 2439 late
1198 2380 1336 2456 vagatur
1358 2377 1390 2436 et

219 2481 288 2542 qua
310 2462 430 2526 incauti
453 2479 548 2542 saepe
571 2461 776 2543 decipiuntur,
813 2480 870 2544 pro
895 2461 998 2525 salute
1030 2466 1078 2526 tot
1100 2462 1278 2526 animarum
1309 2478 1390 2543 quae

224 2553 402 2630 pereunte
426 2547 579 2614 catholieo
603 2567 709 2632 grege,
733 2568 791 2630 per
806 2549 997 2614 Vaticanum
1013 2547 1187 2614 Concilium
1211 2555 1392 2626 avertatur;

220 2640 258 2700 et
280 2637 364 2786 rfpinod
388 2656 407 2700 a
430 2635 580 2700 Romanis
596 2635 902 2719 congregationibus
926 2638 1106 2718 incoeptum
1129 2644 1187 2715 est,
1213 2634 1391 2702 aconcilio

220 2724 418 2806 parciatur.

651 2866 671 2946 †
695 2867 814 2948 Xystus
838 2864 1018 2929 Cardinalis
1041 2864 1149 2929 Riario
1173 2863 1284 2930 Sforza

806 2954 953 3034 Archiep.
978 2952 1136 3034 Neapolit.

718 3076 738 3157 †
761 3056 905 3141 Joachim
928 3073 1114 3151 Cardinalis
1128 3074 1219 3139 Peuci

774 3164 951 3246 Episcopus
975 3162 1156 3226 Perusinus.

700 3420 911 3440 2:234:

559 3615 561 3618 ’
635 3617 668 3698 2.
716 3614 985 3698 Possumus

257 3790 339 3857 PRO
363 3789 613 3857 DOGMATIOA
636 3788 911 3858 DEFINITIONE
934 3782 1101 3855 ROMANI
1123 3787 1360 3854 PONTIFIOIS

526 3896 805 3962 INFALLIBILIS
829 3895 1086 3961 MAGISTERII.

332 4054 644 4136 Quadringentorum
681 4054 815 4118 Petrum
849 4055 881 4118 in
914 4053 974 4119 hoc
1006 4053 1217 4118 Sacrosancto
1250 4051 1395 4117 ConciIIo

219 4143 450 4222 praesentium,
475 4149 648 4223 nostroque
676 4142 802 4206 nomine
826 4141 1008 4207 exhibemus
1031 4139 1231 4205 EminentIae
1255 4139 1396 4205 Vestrae

225 4227 364 4294 Revmae
387 4229 429 4294 ad
451 4248 593 4295 normam
617 4247 637 4294 a
660 4229 867 4294 Sanctissimo
891 4229 1026 4294 Domino
1049 4228 1082 4292 iu
1104 4227 1233 4292 Litteris
1258 4228 1396 4309 Aposto-

219 4314 294 4382 licis
320 4315 533 4409 ,Multiplices
555 4319 657 4381 inter“
684 4319 922 4401 praescriptam,
946 4335 1057 4398 preces
1082 4316 1237 4399 quibnsa
1252 4313 1398 4380 Sanctis-
