2872 4874
242 328 311 387 252
737 335 914 383 uocouusrl

240 497 320 544 nam
342 477 489 544 notabilis
523 475 700 543 differentia
732 476 912 541 inveniatur
946 479 980 540 et
1009 493 1102 556 quarn
1131 474 1225 540 multi
1257 474 1315 540 sint
1339 478 1377 558 qui

242 569 411 633 desierirnt
439 564 642 648 frequentare
664 563 840 628 Ecclesiam
877 563 1078 630 rationalem.
1131 562 1182 628 Ex
1210 563 1270 628 hoc
1298 570 1377 628 ιιιιιιιι

241 653 283 720 iit
303 659 339 719 ut
357 656 425 737 jam
448 672 511 718 uon
533 654 652 735 possim
675 653 817 717 invenire
839 652 1020 716 sacerdotes
1048 651 1103 732 qui
1126 651 1268 715 serviant
1288 651 1376 730 Beris,

240 744 321 825 quia
342 742 405 806 illis
428 739 535 808 delicit
556 740 738 806 beneficium
769 739 981 804 necessarium
1009 739 1051 803 ad
1078 739 1264 818 vivendum,
1292 744 1321 804 et
1337 758 1376 821 ego

247 832 314 913 ipse
337 848 419 895 anno
439 834 522 895 1868
539 836 573 893 ct
590 833 673 893 1869
696 827 792 892 debui
812 827 1055 892 subministrare
1075 827 1292 892 sacerdotibus
1304 827 1376 892 Beriti

246 916 432 983 beneficium
468 917 509 981 ad
531 917 717 995 vivendum,
752 922 785 979 et
807 921 894 980 certe
926 916 986 980 nisi
1020 914 1080 979 hoc
1114 915 1265 994 fecissem,
1297 932 1377 980 omns

240 1006 429 1072 sacerdotes
460 1004 675 1085 relinquerent
704 1003 864 1068 Beritum:
898 1009 930 1067 et
960 1007 1046 1067 certe
1076 1004 1104 1067 si
1134 1002 1208 1068 huic
1240 1003 1318 1068 malo
1334 1021 1377 1068 non

240 1095 413 1158 medeatur
435 1100 469 1157 et
487 1095 562 1175 jura
577 1091 801 1156 Ecclesiastico
823 1109 885 1155 non
908 1089 1121 1170 stabiliantur,
1143 1091 1210 1156 cito
1224 1091 1378 1157 habebimus

241 1182 371 1246 'ruinani
396 1180 473 1245 cleri
488 1180 589 1244 nostri
612 1185 645 1245 et
660 1179 822 1245 Ecclesiae
843 1180 941 1243 etiam
955 1178 1127 1245 nationalis
1142 1179 1217 1260 quia
1231 1178 1378 1244 nonhabet

238 1269 309 1351 jam
333 1268 478 1332 redditus
500 1265 691 1332 sufficientes
714 1268 754 1331 ad
783 1267 832 1331 sui
868 1267 1147 1346 sustentationem,
1179 1268 1295 1350 etjam
1315 1267 1379 1349 ipsse

247 1357 387 1421 decimae
409 1354 637 1436 Episcoponrm
672 1355 761 1436 quasi
790 1356 823 1419 in
851 1355 1038 1420 oblivionem
1067 1364 1241 1436 venerunt3
1274 1360 1306 1419 et
1324 1355 1379 1419 haec

245 1445 352 1508 omnia
385 1442 582 1507 incommoda
618 1443 886 1508 missionariorum
928 1448 1087 1524 exurgunt
1120 1443 1162 1508 ab
1190 1460 1297 1508 amore
1320 1442 1378 1506 luni

246 1531 439 1612 temporalis,
463 1532 575 1612 quibus
598 1531 713 1596 auxilia
729 1532 910 1613 pecuniaria
926 1550 946 1595 a
961 1531 1165 1596 societatibus
1181 1529 1324 1612 Europae
1334 1547 1378 1594 non

247 1617 415 1697 sufficiunt,
440 1625 472 1682 et
494 1620 563 1700 ipsa
579 1619 720 1683 subsidia
741 1619 933 1700 pecuniaria,
958 1637 1039 1700 quae
1061 1619 1222 1699 accipiunt
1243 1619 1282 1683 ab
1297 1617 1380 1684 Orien·
1426 1624 1428 1629 '

242 1707 365 1771 talibus
386 1708 464 1788 ipsis
487 1716 520 1771 et
543 1725 562 1770 a
581 1708 749 1789 juvenibus
772 1706 960 1786 scholarum,
983 1725 1125 1771 necnon
1149 1725 1234 1788 quae
1247 1707 1380 1772 cumulant

243 1812 284 1858 ex
307 1795 529 1860 sodalitatibus
553 1801 586 1857 et
609 1795 678 1859 aliis
703 1795 959 1859 extraordinariis
982 1794 1050 1859 font
1051 1795 1130 1873 ibus
1162 1795 1276 1860 sedet
1297 1793 1380 1859 uolunt

246 1882 402 1947 advocare
425 1880 575 1964 populum
605 1883 646 1946 sd
669 1901 758 1946 suam
782 1882 972 1962 Ecclesiam,
1004 1888 1040 1947 ut
1063 1883 1277 1964 eleemosynas
1298 1896 1380 1947 omnes

245 1970 305 2034 sibi
329 1977 576 2052 congregentur,
601 1976 634 2033 et
656 1970 727 2035 ideo
753 1971 898 2036 redditus
924 1977 996 2035 nost
997 1988 1051 2034 rae
1073 1961 1236 2036 Ecclesiae
1256 1976 1289 2035 et
1309 1969 1380 2034 Paro·

241 2057 375 2123 chorum
392 2063 425 2122 et
440 2057 588 2122 sacerdot
574 2062 641 2121 turn
656 2058 860 2122 nationaliurn
877 2060 995 2123 redact
972 2065 996 2122 tr
1012 2063 1087 2122 sunt
1102 2059 1192 2139 quasi
1208 2058 1252 2124 ad
1265 2056 1379 2123 nihilum.

352 2146 440 2210 Haec
462 2146 568 2210 omnia
589 2144 651 2209 huc
682 2163 782 2227 usque
817 2147 901 2212 dicta
937 2153 1012 2211 sunt
1042 2164 1120 2211 nera
1148 2144 1236 2212 iacta
1256 2153 1290 2211 et
1308 2143 1381 2211 oculs

246 2240 381 2315 possunt
403 2232 552 2314 perfacile
574 2233 682 2311 videri,
706 2251 807 2314 neque
839 2235 916 2299 haec
948 2235 1034 2300 dicta
1055 2241 1131 2299 sunt
1152 2235 1184 2298 in
1205 2235 1310 2299 odium
1328 2233 1381 2296 mis

243 2322 468 2399 donariorum,
502 2322 556 2403 qui
585 2319 666 2384 bene
701 2329 896 2401 cognoscunt
925 2322 1175 2388 benevolentiam
1206 2339 1309 2388 meam
1328 2335 1383 2400 ergo

242 2408 341 2491 ipsos,
367 2409 460 2473 sicuti
482 2409 544 2490 ipsi
567 2408 685 2489 pluries
713 2410 848 2490 idipsum
878 2412 987 2475 testati
1017 2415 1105 2475 sunt:
1137 2414 1169 2474 et
1190 2411 1306 2492 :revera
1325 2403 1383 2473 nili

246 2514 415 2578 possumus
444 2497 546 2561 dicere
570 2503 678 2560 contra
700 2514 805 2562 mores
826 2498 951 2563 illorum
974 2505 1006 2562 et
1033 2498 1210 2563 doctrinam
1239 2504 1272 2562 et
1294 2495 1383 2561 zelun.

247 2584 473 2648 Verumtamen
490 2583 690 2665 deploramus
711 2584 836 2650 illorum
856 2587 972 2667 agendi
987 2587 1123 2663 modurn,
1148 2591 1262 2668 utpote
1279 2585 1384 2650 omniuo

245 2672 443 2736 contrarium
463 2671 588 2752 jnribus
610 2671 834 2738 ecclesiasticis
857 2673 1120 2757 disciplinaribus,
1153 2679 1186 2738 et
1209 2672 1265 2737 lini
1286 2671 1385 2738 misle

247 2777 320 2824 num
344 2761 542 2840 praescripto
567 2779 586 2825 s
609 2759 641 2825 S.
665 2760 756 2827 Sede.

352 2847 427 2911 Ideo
450 2847 665 2930 deprecamur
687 2855 723 2912 ut
745 2856 802 2913 ant
830 2867 888 2913 nus
920 2849 1174 2930 derelinquamus
1201 2849 1278 2932 jura
1298 2853 1388 2912 nosn

240 2950 344 3014 supra
373 2953 503 3017 gregem
533 2936 623 3000 uobis
654 2938 854 3001 commissum
888 2937 1110 3016 Missionariis,
1145 2941 1203 3001 aut
1230 2937 1388 3019 obligamur

243 3021 342 3101 (sici)
366 3028 508 3087 nostrum
538 3042 667 3106 gregem
698 3024 884 3106 ubicumque
913 3025 1104 3103 inveniatur,
1133 3025 1287 3126 quoniam
1317 3019 1389 3088 nobis

240 3111 413 3174 commissa
435 3117 485 3176 est
508 3113 613 3192 gregis
645 3116 716 3177 cust
702 3112 789 3176 todia
812 3119 845 3176 et
868 3129 929 3176 non
964 3112 1192 3177 missionariis
1202 3113 1258 3193 qui
1293 3110 1391 3175 debent

240 3197 435 3260 coadiutore
467 3204 610 3279 pastores
641 3206 673 3264 et
704 3217 767 3264 uon
790 3199 927 3265 avellere
954 3217 1028 3265 oves
1062 3199 1103 3264 ab
1132 3200 1221 3264 ovili:
1251 3201 1326 3282 quia
1350 3195 1392 3277 qui

241 3283 289 3347 ab
313 3283 389 3348 ovili
410 3285 543 3350 discedit
529 3291 676 3350 ternans
699 3293 758 3353 est.

353 3371 396 3435 Ει
382 3372 498 3437 tistae
521 3373 684 3439 lamentat
660 3381 763 3440 trones
787 3393 848 3438 non
878 3380 953 3438 sunt
976 3393 994 3438 e
1015 3381 1089 3439 nost
1090 3392 1126 3439 ra
1153 3382 1248 3456 parte
1270 3380 1392 3445 tantun

247 3458 304 3524 sed
327 3458 453 3540 plurimi
476 3459 637 3526 Ordinarii
658 3463 742 3526 idem
765 3462 979 3543 expostulant,
1011 3463 1105 3527 sicuti
1137 3462 1295 3528 constabit
1315 3462 1343 3526 si
1362 3457 1394 3523 ab

247 3547 323 3627 ipsis
347 3554 527 3628 quaeratur.
572 3550 688 3631 Aliqui
701 3569 775 3615 vero
804 3568 925 3629 eorum,
957 3568 1027 3614 curu
1049 3567 1112 3614 non
1135 3550 1306 3632 >potuerint
1327 3549 1394 3613 hoec

247 3635 515 3786 miffimmmm
532 3637 616 3702 lacta
636 3638 776 3702 tolerare
791 3657 830 3703 ea
845 3639 878 3702 in
894 3638 1147 3719 ephemeridibus
1162 3639 1265 3704 coacti
1279 3637 1395 3708 luerunt

247 3739 290 3801 pu
337 3741 422 3788 care.

299 3823 306 3829 ’
354 3827 413 3892 Die
440 3832 490 3894 12.
515 3828 621 3893 llartii
650 3835 741 3895 1870.

834 3969 933 4037 Tobia
956 3989 1018 4036 auu
1040 3971 1196 4039 Maronits

656 4152 658 4157 y
783 4074 1045 4158 Archiepiscopus
1068 4076 1251 4142 Beritensis.

724 4280 934 4290 -aen--u-——a—

724 4291 934 4302 ψ.-
