2872 4874
547 300 586 347 nr
610 300 790 348 sisennus.
1194 288 1253 347 151

157 452 420 539 ¹Eon'acutisaimi
443 474 626 540 cardinales
648 480 677 538 ec
693 475 869 555 praecipui
892 473 1001 538 cremae
1023 472 1190 539 Romanae

275 579 433 661 officiales
455 600 494 644 ecc
517 580 640 645 cunctis
662 578 849 644 antiatibus
872 578 1065 644 assumendi.

195 718 470 785 Eminentissimos
502 719 693 799 cardinales,
723 720 864 800 itemque
886 717 940 785 SS.
964 718 1252 801 Congregatiouum

120 806 357 887 tribunaliumque
372 806 534 872 Romnum
549 806 710 873 Ecclesiae
727 808 934 885 consultores,
950 805 1107 885 officiales,
1121 806 1252 888 judices,

116 909 140 954 u
158 894 294 959 omuibus
323 895 470 973 gentibus
493 897 611 959 assumi
646 897 772 960 omnino
795 894 973 976 expediret3
1007 900 1163 975 quatenus
1196 894 1251 973 sio,

116 981 201 1046 nebus
233 983 370 1064 coguitis
404 989 437 1047 et
463 984 638 1064 perspectis
672 983 920 1065 uniuscujusque
945 983 1084 1047 natioms
1117 983 1253 1063 ingenio,

116 1069 241 1148 oonbns,
277 1070 572 1149 consuetudinibus,
607 1076 757 1151 statuque
790 1072 874 1134 omni
904 1069 1067 1151 religioso,
1106 1068 1190 1135 civili
1220 1075 1256 1132 et

116 1155 232 1235 ulitico,
267 1175 320 1221 res
352 1164 418 1223 tam
448 1159 614 1240 generales
642 1177 736 1239 quarn
760 1157 971 1239 particulares
995 1157 1173 1236 Ecclesiae,
1204 1156 1256 1221 vel

116 1244 304 1324 eclesiarum,
329 1246 434 1327 aptius
457 1252 587 1328 possent
610 1251 643 1310 et
665 1246 852 1328 prudentius
876 1245 1057 1328 gubernari.
1072 1246 1096 1328 ¹)

248 1435 300 1501 Dc
325 1435 480 1502 Conciliis
502 1437 710 1502 oecumenicis
732 1438 863 1518 saepius
885 1438 1096 1505 cclebaadia

196 1575 275 1643 Cum
313 1577 346 1642 in
384 1576 523 1643 Concilio
561 1576 745 1643 Tridentino
780 1577 871 1643 multi
905 1579 994 1644 enixe
1028 1578 1255 1660 postulassent,

116 1665 224 1730 nerine
245 1684 322 1730 vero
345 1664 459 1731 Italiae
481 1666 645 1748 Episcopi,
677 1672 713 1730 ut
737 1663 878 1731 Concilio
904 1668 1104 1732 oecumenica
1126 1668 1255 1749 saepius

116 1751 243 1819 *alebrari
267 1753 428 1834 deberent,
436 1755 462 1836 ²)
485 1772 520 1818 re
544 1754 586 1818 ad
608 1753 640 1818 S.
655 1753 841 1819 Pontificem
863 1771 920 1835 per
941 1753 1007 1817 RR.
1031 1751 1093 1818 CC.
1117 1753 1258 1835 Legatos

116 1839 208 1924 debta,
230 1843 368 1910 libenter
384 1847 540 1908 annuerat
562 1841 638 1908 Pius
658 1841 712 1906 IV.
736 1845 780 1921 ut,
805 1843 831 1906 si
853 1842 899 1907 ita
920 1841 1082 1907 videretur
1098 1841 1254 1921 Patribus

116 1927 259 1997 Coactum
291 1930 403 1997 confici
434 1936 543 2014 posset
574 1929 614 1997 de
646 1929 845 2014 generalibus
874 1928 1022 1996 Consiliis
1056 1929 1188 2010 singulis
1213 1933 1255 1993 20
1354 1964 1356 1969 ·

117 2019 184 2084 anub
208 2019 373 2085 habendis.
430 2020 492 2084 Res
526 2026 634 2085 tamen
664 2019 881 2085 deliberationi
915 2015 1047 2083 Consilii
1077 2037 1097 2081 a
1126 2017 1258 2097 Legatis

117 2107 254 2188 lroposita
276 2126 340 2174 non
364 2107 433 2173 fuit.
484 2106 671 2172 Postulatur
693 2108 791 2187 igitur
814 2114 850 2171 ut
873 2108 904 2172 in
927 2105 1066 2171 Concilio
1089 2104 1256 2182 Vaticano,

120 2203 250 2260 annuente
273 2193 305 2260 S.
322 2192 483 2261 Pontifiois
500 2194 547 2259 Pii
562 2194 616 2258 IX.
639 2195 837 2276 benignitate
854 2199 886 2260 et
901 2193 1066 2276 sapientia,
1084 2192 1255 2257 Decretum

118 2274 144 2342 le
160 2301 194 2348 ea
215 2284 404 2365 grauissima
426 2302 462 2348 re
486 2283 705 2349 deliberationi
727 2281 859 2347 Patrum
882 2282 1014 2364 proponi
1036 2280 1144 2363 possit.

282 2492 337 2558 De
361 2491 515 2558 Conciliis
534 2493 698 2573 plenariis
720 2494 882 2558 intactam
904 2491 1066 2556 habendis

197 2631 276 2698 Cum
299 2633 400 2698 multa
423 2633 495 2713 sint,
525 2635 592 2698 sive
615 2634 655 2699 ad
679 2632 902 2713 defensionem,
927 2634 993 2699 sive
1016 2633 1057 2697 ad
1079 2631 1257 2714 profectum

116 2715 132 2774 t
153 2717 377 2785 incrementum
401 2721 447 2785 rei
464 2719 654 2785 christianae
670 2721 857 2805 spectantia,
881 2738 972 2802 quae,
990 2726 1121 2803 propter
1141 2717 1257 2783 identi-

116 2809 193 2871 utem
214 2826 354 2886 morum,
386 2808 506 2890 legum,
535 2809 666 2890 ingenii,
702 2814 867 2889 statusque
895 2809 997 2873 omnis
1025 2812 1093 2872 tum
1115 2806 1258 2888 religiosi

116 2904 164 2958 um
184 2895 313 2977 politici,
337 2897 368 2960 in
391 2895 502 2961 eadam
524 2901 618 2975 gente
645 2902 720 2960 sunt
742 2896 930 2975 communia,
955 2894 1087 2976 ideoque
1110 2894 1258 2959 nonnisi

116 2984 309 3048 {immunibus
322 2982 462 3049 consiliis
478 2989 510 3049 et
523 2985 686 3049 conatibus
702 2984 875 3067 prudenter
890 2983 1024 3047 tractari
1038 2988 1071 3047 et
1086 2979 1259 3048 efficaciter

116 3116 302 3133 3—-

201 3191 221 3261 1)
240 3191 301 3245 Hoc
319 3191 524 3247 reformationis
537 3199 676 3261 puuctum,
696 3198 790 3260 utpote
802 3193 922 3262 maximi,
941 3198 970 3247 at
988 3190 1184 3246 evidentissimi
1201 3206 1260 3245 mo·

116 3262 190 3380 legib,
226 3262 402 3330 propositum
430 3263 570 3330 reperitur
600 3262 629 3315 in
659 3263 783 3317 omnibus
814 3264 964 3330 postulatis
996 3261 1114 3316 Concilio
1133 3260 1259 3315 Trident.

117 3331 252 3387 anissis:

197 3401 275 3471 ,Sint
294 3401 467 3457 diversarum
485 3400 652 3456 nationum.“
689 3401 806 3470 (Postul
823 3401 918 3456 Barth.
936 3417 954 3456 a
973 3402 1105 3471 Martyr.)

199 3471 378 3540 „Cardinales
389 3511 396 3525 .
407 3513 430 3529 ..
441 3488 476 3526 ex
495 3471 619 3525 omuibus
637 3471 793 3526 nationibus
806 3472 901 3540 optimi
914 3472 1014 3540 quique
1032 3471 1171 3540 eligantur
1181 3511 1188 3524 .
1200 3510 1206 3523 .

118 3537 127 3584 ἲ
142 3542 283 3597 resideant
303 3543 332 3596 in
351 3542 445 3599 urbe.“
483 3541 600 3609 (Postul.
618 3542 758 3596 variorum
775 3541 880 3611 Epioe.)

120 3671 125 3683 ,
199 3611 243 3679 „S.
273 3612 307 3668 R.
337 3613 371 3666 E.
395 3611 557 3667 Cardinales
581 3627 617 3666 ex
640 3612 724 3666 variis
751 3612 906 3680 quibusque
932 3611 1092 3680 regionibus
1117 3616 1144 3666 et
1169 3609 1262 3664 natio·

117 3674 174 3760 ¹bus
193 3697 210 3736 a
229 3679 366 3736 Pontifice
391 3681 554 3750 deligantur,
573 3681 705 3749 aquibus
725 3682 786 3750 ipse
810 3682 945 3737 derebus
970 3688 999 3737 et
1017 3678 1260 3748 singularitatibus

116 3753 307 3836 unuscujusque
326 3752 437 3806 facilius
451 3750 674 3819 commodiusque
687 3751 780 3806 doceri
798 3752 889 3820 possit
902 3758 930 3805 et
942 3751 1111 3806 informari.“
1140 3748 1261 3819 (Postnl.

118 3831 173 3890 ἕως
191 3822 406 3962 1²1>uzllt>iecretum
420 3891 534 3946 Consilii
548 3890 775 3960 Constantianam,
794 3891 828 3946 de
848 3891 970 3946 Concilio
1002 3890 1107 3945 uolibct
1125 3888 1260 3943 decennio

116 3956 511 4101 slebraudclrsslcondrmandum
530 3969 619 4030 esset,
643 3969 672 4016 et
691 3963 846 4017 executioni
863 3907 1070 4018 mandaniumss
1109 3958 1255 4028 (Postulat.

137 4048 225 4089 aco.
309 4047 349 4086 ae.
1303 4048 1307 4054 ·

116 4045 136 4101 D
197 4048 253 4170 {Ut
272 4117 306 4157 aa
324 4117 394 4170 quae
413 4107 518 4156 statuta
535 4100 639 4156 luerint
652 4102 839 4170 observentur,
858 4109 887 4157 et
904 4117 975 4169 quae
990 4101 1055 4169 jure
1072 4101 1132 4167 ipse
1151 4100 1259 4154 sancita

116 4180 156 4243 mt
182 4169 262 4226 firma
288 4180 480 4241 permaneant3
509 4177 649 4226 statuatur
674 4180 721 4240 ut,
746 4172 823 4228 anuis
850 4171 1004 4240 quibusque
1028 4169 1125 4238 uiginti
1149 4168 1258 4235 saltem,

116 4240 221 4297 anmals
250 4240 402 4296 Concilium
430 4241 458 4297 in
476 4240 604 4297 Ecclesia
627 4242 798 4311 celebretur,
827 4242 882 4296 nisi
909 4241 989 4296 aliter
1013 4255 1116 4295 summo
1134 4238 1259 4309 pontifici

116 4313 181 4389 lauru
200 4310 309 4367 fuerit.“
345 4312 461 4380 (Postul.
480 4311 564 4378 Regis
583 4311 719 4382 Lusitana)
