2872 4874
223 347 264 405 64
719 358 886 407 rosmnsra

249 584 457 652 RATIONES
482 584 537 650 OB
561 583 670 662 QUAS
694 583 809 650 HAEC
832 578 1081 652 PROPOSITIO
1104 586 1365 654 OPPORTUNA

509 688 563 754 ET
586 688 851 756 NECESSARIA
875 689 1105 758 OENSETUR.

325 828 459 895 Romani
474 827 645 909 Pontificis‚
669 833 754 896 beati
770 832 857 896 Petri
872 830 1014 912 Apostoli
1037 833 1237 911 successoris,
1260 833 1295 897 in
1318 833 1394 897 uni-

220 934 344 982 versam
368 916 486 981 Christi
502 916 679 982 Ecclesiam
698 918 936 1000 jurisdictionis,
961 919 1103 1000 adeoque
1126 920 1223 985 etiam
1245 921 1392 1001 supremi

220 1007 394 1087 magisterii
418 1006 575 1087 primatus
598 1006 631 1069 in
655 1007 755 1071 saeris
778 1005 949 1088 Scripturis
971 1016 1082 1088 aperte
1106 1007 1245 1072 docetur.

325 1092 520 1157 Universalis
544 1098 576 1158 et
599 1099 748 1158 constans
764 1093 929 1159 Ecclesiae
954 1095 1084 1160 traditio
1108 1101 1176 1158 tum
1199 1094 1294 1160 factis
1317 1100 1388 1159 tum

220 1187 400 1246 sanctorum
426 1180 557 1244 Patrum
581 1178 691 1258 eiiatis,
716 1188 784 1246 tum
807 1182 1014 1262 plurimorum
1038 1181 1258 1254 conciliorum,
1288 1184 1387 1259 etiam

219 1268 498 1347 oecumenicorum,
533 1274 566 1332 et
588 1269 702 1348 agendi
734 1274 767 1333 ct
789 1268 937 1350 loquendi
966 1272 1089 1335 ratione
1114 1270 1215 1349 docet,
1250 1270 1388 1336 Romani

218 1353 379 1421 Pontificis
398 1356 518 1436 judicia
533 1356 571 1420 de
586 1354 660 1420 fidei
675 1374 860 1437 morumque
883 1356 1026 1422 doctrina
1041 1356 1285 1422 irreformabilis
1301 1375 1382 1426 esse.

325 1443 600 1509 Consentientibus
624 1442 754 1509 Graecis
778 1453 810 1508 et
832 1444 965 1522 Latinis,
989 1447 1022 1508 in
1046 1444 1185 1510 Concilio
1207 1445 1239 1510 11
1253 1445 1386 1527 Lugdu-

161 1579 166 1592 .
219 1531 309 1596 neusi
333 1531 472 1596 admissa
494 1530 649 1612 professio
672 1529 747 1595 fidei
769 1536 826 1610 est,
851 1533 885 1597 in
906 1549 970 1612 qua
986 1532 1181 1600 declaratur:
1209 1531 1389 1611 „Subertas

217 1619 257 1682 de
280 1616 342 1683 fide
366 1620 598 1684 controversias
622 1619 736 1682 debere
752 1620 885 1683 Romani
901 1618 1062 1684 Pontificis
1082 1621 1201 1702 judicio
1225 1619 1379 1687 definiri.“

216 1706 252 1770 In
267 1704 455 1771 Florentina
477 1707 586 1771 itidem
611 1708 813 1772 oecumenica
829 1705 956 1789 Synodo
979 1707 1140 1771 definitum
1156 1716 1221 1772 est:
1250 1707 1384 1786 ,Roma

215 1792 492 1866 numPontificem
508 1812 580 1860 esse
595 1813 704 1859 verum
720 1792 840 1858 Christi
855 1795 1028 1874 Vicarium,
1044 1797 1204 1877 totiusque
1221 1794 1384 1861 Ecclesiae

216 1888 319 1963 caput,
350 1887 383 1945 et
405 1884 542 1947 omniurn
569 1882 810 1947 christianorum
842 1889 965 1964 patrem
988 1884 1032 1947 et'
1049 1883 1231 1963 doctorem;
1268 1890 1301 1948 et
1320 1884 1382 1964 ipsi

215 1971 248 2034 in
269 1970 364 2035 beato
387 1969 483 2034 Petro
515 1971 674 2051 pascendi,
710 1970 840 2050 regendi
873 1988 910 2034 ae
940 1971 1137 2052 gubernandi
1168 1970 1374 2035 universalem

216 2057 390 2122 Ecclesiam
420 2058 597 2123 aDomino
627 2064 738 2122 nostro
767 2057 844 2121 Jesu
875 2056 1000 2122 Christo
1031 2059 1159 2140 plenam
1187 2063 1376 2138 potestatem

214 2145 365 2209 traditam
387 2151 486 2211 esse.“
535 2145 611 2227 ipsa
632 2163 757 2226 quoque
781 2162 861 2210 sana
882 2147 966 2210 ratio
990 2147 1090 2223 docet,
1114 2147 1271 2210 neminem
1294 2152 1383 2210 stare

215 2250 306 2312 posse
336 2233 370 2296 in
401 2233 475 2297 fidei
507 2233 726 2297 communione
755 2251 827 2297 cum
855 2232 1002 2298 Ecclesia
1033 2232 1199 2312 catholica,
1234 2233 1385 2314 quiajos

215 2321 310 2400 capiti
334 2337 398 2384 non
421 2320 606 2400 consentiat,
642 2339 738 2401 quum
768 2338 809 2384 ne
832 2321 1023 2402 cogitatione
1054 2321 1181 2402 quidem
1203 2319 1385 2386 Ecclesiam

214 2427 234 2470 a
256 2425 313 2472 suo
337 2408 443 2488 eapite
465 2425 614 2488 separare
636 2407 742 2472 liceat.

321 2497 472 2559 Attamen
488 2492 616 2559 fuerunt
639 2500 736 2576 atque
753 2494 933 2559 adhucdum
955 2501 1037 2573 sunt,
1061 2496 1123 2576 qui,
1148 2495 1383 2561 catholicorum

215 2583 340 2646 nomine
356 2581 538 2663 gloriantes,
564 2601 663 2663 eoque
680 2583 774 2647 etiam
798 2583 839 2647 ad
853 2581 1048 2647 infirmorum
1071 2583 1183 2648 infide
1204 2584 1384 2664 perniciem

215 2669 392 2747 abutentes
417 2671 530 2735 docere
545 2675 763 2753 praesumant,
787 2689 856 2734 eam
879 2668 1022 2735 sufficere
1038 2672 1279 2736 submissionem
1303 2690 1387 2752 erga

156 2759 165 2778 l
213 2757 348 2822 Romani
370 2755 532 2822 Pontificis
563 2758 796 2836 auctoritatem,
831 2776 894 2838 qua
921 2759 988 2839 ejus
1020 2759 1058 2822 de
1086 2757 1147 2823 fide
1176 2758 1387 2840 moribusque

131 2856 133 2863 ¹
214 2845 342 2910 decreta
357 2847 551 2926 obsequiosa
564 2853 601 2909 ut
616 2847 715 2928 ajunt,
731 2845 866 2926 silentio,
882 2847 950 2910 siue
964 2847 1087 2915 interne
1103 2847 1220 2911 mentis
1236 2863 1384 2925 assensu,

213 2932 263 2997 vel
286 2934 456 3014 provisorie
479 2930 613 3013 tantum,
637 2932 814 3014 usquedum
837 2934 877 2998 de
899 2933 1062 2999 Ecclesiae
1085 2950 1218 2998 assensu
1240 2934 1291 2998 vel
1316 2934 1383 2998 dis·

214 3038 309 3086 sensu
333 3023 519 3100 eonstiterit,
544 3022 768 3102 suscipiantur.

318 3109 422 3173 Haece
444 3127 538 3190 porro
562 3127 711 3191 perversa
736 3109 878 3173 doctrina
899 3109 1033 3174 Romani
1056 3105 1219 3172 Pontificis
1242 3110 1386 3173 auctori·
1409 3130 1411 3133 ’

212 3200 310 3260 tatem
346 3197 494 3275 subverti,
537 3194 611 3259 fidei
645 3198 802 3261 unitatem
837 3197 993 3279 dissipari,
1037 3195 1197 3260 erroribus
1231 3213 1382 3276 campum

213 3285 439 3365 amplissimum
475 3285 601 3364 aperiri,
636 3291 826 3365 tempusque
859 3284 927 3350 late
961 3283 1109 3365 serpendi
1142 3283 1248 3362 tribui,
1284 3302 1382 3350 nemo

213 3390 275 3436 non
298 3372 397 3436 videt.

319 3459 423 3536 Quare
448 3456 604 3541 Episcopi,
637 3458 811 3524 catholicae
834 3459 979 3522 veritatis
1002 3458 1148 3523 custodes
1173 3462 1204 3522 et
1225 3457 1384 3538 vindices,

212 3547 263 3612 his
284 3548 484 3628 potissimum
506 3547 701 3627 temporibus
725 3546 846 3612 connisi
868 3550 950 3626 sunt,
979 3554 1016 3610 ut
1038 3564 1217 3628 supremam
1240 3546 1385 3626 Aposto-

211 3635 293 3700 licae
309 3634 399 3700 Sedis
423 3634 557 3700 docendi
573 3635 797 3699 auctoritatem
814 3633 1017 3716 synodalibus
1032 3634 1221 3716 praesertim
1238 3634 1384 3700 decretis

212 3728 245 3788 et
267 3723 483 3788 communibus
505 3722 694 3787 testimoniis
716 3728 893 3787 tuerentur.
902 3726 926 3799 1)

317 3809 387 3887 Quo
410 3811 587 3874 evidentius
617 3828 691 3874 vero
724 3809 879 3875 catholica
908 3809 1027 3874 veritas
1056 3809 1306 3891 praedicabatur,
1340 3828 1383 3874 eo

212 3897 439 3976 vehementius,
473 3904 539 3962 tam
561 3897 676 3964 libellis
699 3917 794 3978 quam
817 3897 1081 3978 ephemeridibus,
1116 3897 1297 3977 nuperrime
1319 3897 1380 3960 im·

212 3991 354 4066 pugnata
385 3993 442 4064 est,
478 3991 514 4050 ut
546 3985 719 4052 catholicus
751 3985 886 4067 populus
919 3993 1029 4049 contra
1057 4002 1167 4048 sanam
1201 3982 1379 4047 doctrinam

212 4079 475 4153 commoveretur,
510 4074 643 4157 ipsaque
678 4072 835 4137 Vaticana
869 4071 1015 4154 Synodus
1049 4071 1089 4134 ab
1124 4089 1163 4135 ea
1196 4067 1384 4135 definienda

213 4161 458 4227 absterreretur.

214 4304 421 4312 -—-...-.-—.—--

320 4373 339 4438 ¹)
358 4370 442 4424 Plura
459 4368 593 4437 eiusmodi
612 4368 817 4423 testimoniam
836 4367 999 4436 Appendiee
1015 4367 1132 4421 collecta
1151 4371 1224 4420 sunt.
