2872 4874
591 316 629 360 nn
652 316 830 365 ursenmnn.
1239 305 1297 364 171

133 455 268 536 amplius
292 457 474 536 requiratur
504 455 644 520 formalis
677 474 844 536 processus
866 455 1036 534 juridicus,
1072 456 1127 518 sed
1152 457 1299 539 Episcopi

137 543 265 608 arbitrio
290 544 496 624 relinquatur,
521 561 584 623 qua
607 544 659 607 via
683 562 850 608 cansarum
874 543 990 606 veritas
1014 544 1056 606 sit
1079 544 1226 608 eruenda.

238 637 272 714 g)
296 631 341 697 Ut
363 650 461 713 grave
485 631 599 710 odium,
624 631 707 711 quod
730 650 786 713 per
818 640 908 695 taxas
931 649 989 712 pro
1012 631 1300 712 dispensationibus

141 718 301 784 solvendas
325 725 436 784 contre
465 717 496 782 S.
519 717 697 783 Ecclesiam
725 723 808 783 iuter
830 717 939 783 fideles
962 724 1057 799 atque
1078 717 1223 783 infideles
1245 738 1299 784 en·

145 807 260 888 citatur,
276 808 491 885 imminuatur,
507 807 652 887 petimus
676 814 712 870 ut
727 826 851 887 causae,
876 807 915 871 ob
939 825 1018 887 quas
1034 825 1090 888 pro
1107 808 1298 887 pauperibus

148 894 310 976 dispensari
333 895 506 971 cousuevit,
531 895 779 977 aequiparentur
802 895 849 974 iis,
882 902 1011 977 propter
1035 912 1113 976 quas
1137 913 1194 974 pre
1219 895 1298 959 divi-

149 982 222 1047 tibus
245 983 438 1063 dispensatio
461 983 653 1047 conceditur.

239 1071 275 1153 h)
299 1070 442 1151 Denique
474 1071 726 1148 considerauteS,
751 1076 829 1150 quot
858 1075 992 1150 peccata
1021 1075 1116 1150 atque
1148 1068 1299 1133 scandala

154 1177 197 1237 per
215 1177 332 1223 moram
357 1157 537 1222 diuturnam
568 1158 654 1222 band
678 1177 749 1222 raro
773 1159 933 1236 oriuntur,
967 1177 1048 1238 quae
1073 1177 1145 1222 cunr
1168 1174 1298 1223 recursu

157 1246 187 1308 ad
204 1265 320 1311 sacram
345 1245 460 1310 Sedem
484 1247 696 1326 Apostolicam
720 1246 898 1309 necessario
922 1247 1091 1327 conjuncta
1115 1250 1163 1309 est
1187 1250 1218 1307 et
1241 1263 1298 1325 per

157 1335 291 1398 cuiarum
314 1333 412 1398 ferias
429 1353 522 1414 saepe
544 1333 637 1397 valde
660 1333 876 1414 prolongatur,
893 1334 1065 1397 humillime
1088 1340 1183 1413 atque
1207 1334 1298 1396 enixe

159 1423 277 1500 petimus,
301 1428 337 1485 nt
361 1422 393 1485 in
416 1422 511 1485 rebus
538 1421 819 1485 matrimonialibus
848 1441 1030 1502 quocunqne
1054 1423 1134 1484 arani
1158 1427 1297 1500 tentpore

161 1509 249 1588 nlsqac
271 1530 363 1573 moro
386 1509 639 1589 dispensationes
663 1509 880 1590 expediantur.

691 1719 746 1782 ΙΙΙ.

239 1856 376 1923 Casuum
402 1865 434 1923 et
457 1877 663 1923 censurarum
687 1858 814 1924 Summo
838 1857 983 1924 Pontifici
1006 1865 1242 1923 reservetorum
1265 1860 1297 1923 in

110 1928 114 2013 ἶ
169 1949 291 2018 amnena
316 1952 425 2010 tentus
456 1953 505 2011 est
528 1966 676 2012 uumerus
706 1956 738 2010 et
768 1954 859 2011 tanta
881 1947 1087 2025 incertitudo,
1119 1951 1155 2010 ut
1185 1947 1299 2011 exinde

110 2040 114 2065 ²
173 2028 228 2096 luta
250 2034 352 2097 multa
376 2041 408 2098 et
431 2032 633 2099 difficultates
657 2034 822 2115 Episcopis
854 2044 887 2098 et
911 2033 1119 2098 Confessariis
1142 2035 1295 2111 oriantur,

170 2132 244 2193 nuum
267 2127 374 2185 autem
399 2121 544 2186 utilitatis
567 2124 739 2203 proveniat.
786 2122 961 2204 Propterea
984 2123 1117 2186 maxime
1140 2121 1299 2186 desidera·

119 2248 123 2255 ·
167 2219 216 2298 dus,
236 2216 271 2274 ut
295 2227 403 2274 eornm
428 2210 590 2292 catalogus
621 2211 769 2274 revisioni
793 2218 824 2274 et
848 2211 1023 2274 reductioni
1055 2209 1242 2290 subjiciatur
1265 2217 1298 2274 et

165 2299 291 2377 uspecic
325 2316 493 2376 censurae,
530 2316 608 2376 quas
631 2304 746 2363 vocant
775 2299 859 2362 latae
883 2300 1059 2362 seritentiao
1093 2304 1147 2360 ant
1171 2297 1298 2359 ornnino

164 2377 294 2464 tbntur,
320 2391 377 2449 aut
392 2385 433 2448 ad
456 2404 588 2464 parvum
605 2387 769 2450 criminum
793 2387 927 2450 maxime
943 2387 1116 2450 enormium
1132 2402 1297 2447 numerum

163 2467 342 2550 reducantur3
376 2471 545 2536 facultates
570 2483 685 2549 autem,
713 2475 827 2554 quibus
850 2474 1000 2555 Episcopi
1024 2474 1062 2538 ad
1087 2472 1224 2536 muneris
1248 2473 1297 2535 sui
1374 2497 1380 2505 «

162 2553 436 2625 lduiuistrationem
469 2561 659 2625 ordinariam
688 2562 841 2642 indigent,
865 2581 929 2626 nou
959 2561 1001 2626 ad
1030 2561 1294 2640 Quinquennium,

161 2641 246 2710 adad
259 2650 400 2712 muneris
425 2649 623 2713 durationem
640 2649 863 2728 concedantur,
881 2649 1145 2730 quemadmodum
1160 2667 1179 2711 a
1194 2645 1296 2712 Sacra

161 2723 387 2818 congregatione
400 2736 449 2801 'de
465 2734 558 2817 Prop.
583 2735 662 2800 Fide
678 2736 811 2801 Vicariis
827 2737 1018 2817 apostolicis
1034 2736 1163 2802 concedi
1184 2735 1296 2801 solent.

688 2947 741 3012 IV.

180 3166 185 3178 ¹
240 3087 387 3165 Petimus,
417 3092 453 3150 ut
476 3088 605 3168 regulae
629 3088 757 3166 Indicis,
791 3106 872 3168 quae
903 3089 1020 3168 partim
1050 3088 1083 3151 in
1115 3087 1299 3165 regionibus

157 3174 239 3238 mutis
272 3193 433 3254 nunqnam
461 3175 587 3239 omnino
620 3177 782 3240 observari
812 3181 973 3255 poterant,
1009 3177 1124 3256 partim
1153 3194 1227 3238 vero
1257 3173 1314 3239 ob'

156 3259 259 3350 Omnino
282 3263 482 3326 immutatum
507 3263 667 3327 societatis
695 3262 851 3326 humanae
876 3271 908 3327 et
937 3266 969 3326 in
993 3264 1098 3342 specie
1121 3263 1168 3325 rei
1191 3262 1297 3325 litera·

155 3353 205 3408 nee
224 3355 342 3414 statum
365 3351 574 3430 inpraesenti
595 3369 751 3430 nusquam
775 3349 840 3415 iere
862 3351 1020 3415 observari
1044 3354 1185 3430 possunt,
1210 3350 1300 3414 ideo-

154 3440 200 3503 llle
219 3438 331 3502 multas
363 3439 626 3503 conscientiarum
650 3439 825 3501 anxietates
856 3444 888 3502 et
911 3437 1173 3503 confessariorum
1202 3437 1297 3501 dubia

152 3527 314 3604 lrorocaut
331 3526 615 3609 recentirevisioui
632 3531 664 3589 et
690 3525 864 3589 redactioni
887 3526 1125 3589 submittantur.
1157 3524 1302 3588 Petimus

152 3613 270 3704 uroque,
303 3618 339 3676 nt
362 3631 513 3677 novomm
543 3614 694 3677 librorum
727 3631 862 3677 censure
885 3631 948 3677 non
971 3611 1206 3694 promulgetur,
1236 3613 1297 3675 nisi

150 3698 223 3761 runs
256 3700 364 3765 audito
397 3701 535 3766 auctoris
559 3699 742 3780 Ordinatio,
778 3702 851 3780 quia
883 3701 969 3764 haud
1004 3719 1077 3782 raro
1108 3701 1226 3776 evenit,
1261 3708 1298 3763 ut

148 3771 252 3864 absque
274 3805 428 3853 censurae
451 3787 663 3870 publicatione
694 3790 809 3852 erroris
832 3789 992 3853 revocatio
1015 3784 1097 3852 effici
1121 3786 1238 3864 valeat,
1270 3788 1297 3850 si

147 3872 245 3938 alletor
266 3876 368 3940 bonae
392 3876 434 3939 sit
457 3875 637 3940 voluntatis.

696 4087 732 4152 V.

240 4224 365 4292 Forma.
381 4243 546 4306 processus
581 4227 723 4292 canonici
753 4208 846 4290 hodie
875 4227 907 4291 iu
937 4226 1068 4291 diversis
1102 4224 1297 4290 dioecesibus

147 4297 229 4373 v“lde
249 4313 354 4378 existit
377 4312 513 4392 diversa,
536 4332 635 4394 quare
658 4312 831 4378 humillime
854 4315 999 4396 petimus
1025 4320 1060 4378 ut
1083 4317 1170 4378 certa
1193 4313 1296 4389 forma
