2872 4874
226 327 267 386 32
506 339 627 387 seusun
650 338 893 387 cousrrrouoms
916 339 1111 388 uocnnmcnn

333 485 362 544 5.
385 477 420 544 Si
442 480 513 561 quis
536 479 659 557 dixerit,
683 483 817 542 naturae
840 479 1005 544 rationalis
1031 478 1218 544 facultatem
1246 480 1316 545 sine
1347 481 1393 547 di-

224 569 299 633 vina
330 585 387 650 per
418 568 528 633 Jesum
562 564 723 630 Christum
755 566 858 648 gratia
893 565 1038 632 sufficere
1071 567 1113 630 ad
1149 567 1277 649 aliquod
1313 587 1394 650 opus

225 656 356 733 bonum,
388 655 472 734 quod
494 655 535 718 ad
554 654 711 733 justitiam
734 655 936 718 christianam
961 658 993 718 et
1015 655 1114 719 vitam
1137 660 1302 720 aeternam
1326 656 1391 720 dis-

224 749 337 825 ponat,
361 742 532 806 anathema
554 741 605 808 sit.

331 834 360 896 6.
384 828 418 893 Si
440 830 511 909 quis
535 829 657 907 dixerit
680 828 777 892 etiam
799 833 873 910 post
895 832 1029 894 mortem
1045 829 1204 894 hominem
1222 829 1394 911 justificari
1423 848 1426 854 ·

223 935 334 1000 posse;
368 922 424 981 aut
453 935 571 997 poenas
596 917 856 982 damnatorum
848 936 880 980 m
904 917 1051 999 gehenna
1072 922 1186 999 perpet
1186 936 1245 981 uas
1268 917 1394 983 futuras

225 1023 295 1070 esse
316 1005 497 1086 negaverim
522 1003 695 1069 anathema
718 1005 769 1070 sit.

223 1106 224 1117 ¹
329 1093 440 1173 ltaque
456 1092 596 1173 supremi
610 1096 684 1173 past
670 1092 780 1156 toralis
795 1091 906 1155 Nostri
921 1089 1016 1156 officii
1028 1051 1169 1156 debitum
1181 1097 1394 1172 exsequentes

224 1197 332 1245 omnes
367 1177 485 1244 Christi
515 1179 623 1243 fideles
656 1185 689 1243 et
722 1180 873 1258 maxime,
910 1181 964 1259 qui
994 1185 1148 1260 praesunt
1177 1179 1228 1244 661
1258 1181 1394 1246 docendi

224 1285 355 1331 munere
377 1265 514 1349 iungunt
514 1286 562 1345 ur,
586 1285 644 1348 per
666 1267 791 1331 viscera
807 1268 884 1332 1666
900 1265 1018 1331 Christi
1026 1266 1142 1419 tohtt
1077 1273 1142 1332 ttes
1144 1286 1243 1347 amur,
1267 1286 1391 1333 necnon

225 1355 367 1434 eiusdem
391 1355 450 1418 Dei
481 1360 513 1419 66
499 1353 645 1419 tSalvat
631 1355 709 1419 toris
740 1360 811 1419 nost
813 1356 840 1418 ri
871 1359 943 1419 auct
944 1356 1040 1419 oritat
1041 1355 1249 1456 ejuhemus,
1286 1360 1323 1420 66
1353 1357 1395 1420 66

224 1442 282 1507 666
306 1460 430 1506 errores
453 1461 470 1506 e
495 1448 608 1507 sancta
573 1441 776 1507 tEcclesia
803 1441 1075 1506 eliminandost
1043 1446 1075 1506 66
1101 1444 1291 1524 purissimae
1320 1441 1395 1509 fidei

223 1530 327 1595 lucem
350 1529 605 1611 pandendamst
591 1530 715 1593 tudium
738 1535 772 1594 66
794 1547 923 1611 operam
947 1529 1118 1594 conferant

331 1617 486 1718 Quoniam
509 1635 583 1683 vero
607 1618 686 1681 satis
709 1634 772 1681 non
795 1622 859 1695 666,
892 1617 1012 1682 haeret
989 1623 1087 1682 troam
1114 1618 1307 1699 pravitatem
1339 1619 1394 1682 de-

224 1707 336 1785 vitare,
360 1705 421 1769 nisi
442 1706 466 1769 ii
488 1719 613 1786 quoque
634 1723 759 1769 errores
775 1704 944 1786 diligenter
963 1703 1136 1786 fugiantur,
1163 1706 1217 1791 qui
1240 1705 1282 1768 ad
1304 1705 1392 1771 illam

224 1793 296 1877 plus
319 1793 461 1857 minusve
484 1793 658 1873 accedunt3
689 1810 796 1857 omnes
819 1790 914 1858 officii
935 1811 1112 1871 monemus,
1138 1793 1286 1857 servandi
1309 1791 1392 1858 Con-

225 1882 304 1946 66166
304 1882 468 1945 61666666
454 1881 647 1960 tDecret,a
683 1881 797 1962 quibus
827 1899 945 1961 pravae
977 1881 1130 1962 ejusmodi
1161 1880 1323 1961 opiniones
1351 1884 1392 1947 ab

224 1968 283 2033 hac
307 1967 336 2034 S.
362 1967 443 2034 Sede
466 1969 663 2050 proscriptae
686 1972 720 2032 66
742 1967 921 2050 prohibitae
943 1973 1018 2033 sun
1021 2017 1028 2031 .

221 2374 223 2379 ’
329 2421 361 2502 a.
390 2417 1285 2503 666661666666666661166616616

268 2578 390 2642 DE
438 2577 899 2643 EOOLESIA
937 2578 1348 2645 CHRISTI.

587 2801 710 2895 PIUS
740 2801 1023 2935 srtscorus

473 2975 686 3032 SERVUS
705 2976 1015 3032 SERVORUM
1032 2979 1142 3042 DEI,

301 3117 395 3166 SACRO
419 3120 616 3167 APPROBANTE
640 3119 780 3166 CONCILIO
803 3121 837 3166 IN
859 3121 1039 3167 Pnnrnrunn
1061 3121 1113 3167 REI
1135 3120 1307 3169 inundalum.

328 3257 473 3340 Supremi
504 3259 641 3341 pastoris
675 3259 885 3341 apostohcnm
915 3259 1139 3338 ministerium,
1172 3260 1205 3323 in
1236 3278 1297 3340 quo
1330 3262 1392 3326 Dei

222 3344 374 3411 1661166111
395 3347 595 3427 providentia
618 3352 651 3412 66
673 3348 889 3412 misericordia
910 3347 1007 3428 positi
1030 3365 1153 3426 sumus,
1185 3346 1319 3413 sollicite
1353 3367 1391 3414 ac

224 3434 372 3498 continuo
396 3433 461 3499 Nos
484 3441 591 3518 urget,
624 3440 660 3500 ut
683 3434 761 3499 nihil
783 3434 1090 3516 praetermittamus,
1127 3453 1189 3516 quo
1212 3434 1277 3513 616,
1309 3454 1392 3516 quae

222 3522 265 3585 ad
287 3521 386 3586 vitam
410 3525 443 3587 et
458 3523 593 3588 salutern
610 3523 698 3588 ducit
713 3526 884 3602 aeternam,
908 3522 1053 3587 omnibus
1069 3522 1248 3588 hominihus
1269 3528 1390 3604 pateat,

223 3612 256 3674 et
283 3611 336 3690 qui
363 3609 396 3673 in
424 3611 565 3676 tenebris
593 3614 626 3674 66
654 3611 687 3674 in
717 3610 831 3676 umbra
858 3611 969 3675 mortis
1001 3611 1126 3690 sedent,
1159 3612 1200 3676 ad
1227 3609 1330 3675 lucem
1359 3617 1391 3675 66

223 3698 417 3779 agnitionem
439 3699 582 3763 veritatis
603 3699 802 3781 perveniant.
850 3696 929 3762 Cum
952 3698 1049 3780 igitur
1072 3699 1159 3764 Deus
1182 3716 1219 3762 ac
1243 3697 1391 3763 Salvator

221 3790 333 3855 noster
348 3786 444 3850 totins
460 3785 644 3851 salutiferae
660 3786 822 3851 doctrinae
837 3786 1013 3864 veritatem,
1037 3791 1071 3852 et
1085 3787 1260 3851 mediorum
1276 3785 1391 3850 salutis

222 3870 390 3961 thesauros
413 3875 446 3938 in
468 3874 644 3940 Ecclesiam
667 3891 758 3938 suam
780 3873 871 3955 quasi
893 3875 927 3938 in
950 3873 1176 3954 depositorium
1204 3873 1292 3937 dives
1316 3892 1389 3937 oon-

222 3959 343 4040 tulerit,
367 3965 403 4025 ut
426 3980 533 4027 ornnes
556 3968 683 4026 sumant
706 3980 745 4026 ex
768 3979 805 4025 ea
826 3965 937 4042 potum
958 3962 1095 4042 6166616
1129 3961 1296 4043 inprimis
1319 3961 1391 4042 ipsa

223 4066 300 4112 vera
329 4049 475 4115 Ecclesia
504 4057 537 4117 et
568 4049 749 4114 errantibus
781 4048 950 4114 indicanda
979 4055 1012 4113 et
1040 4047 1186 4114 fidelibus
1220 4048 1391 4112 instantius

224 4137 473 4202 commendanda
497 4143 554 4219 est,
576 4144 614 4201 ut
635 4137 682 4200 illi
704 4136 746 4201 ad
760 4137 844 4200 viarn
868 4137 980 4201 salutis
997 4136 1204 4216 adducantur,
1228 4135 1262 4199 hi
1284 4140 1391 4199 autem

222 4279 326 4285 -—-....-
331 4281 437 4288 ---...

333 4346 353 4415 1)
373 4346 413 4403 Cf.
432 4361 454 4402 6.
472 4348 545 4403 lren.
565 4345 625 4398 adv.
644 4345 721 4398 haer.
739 4344 757 4397 1,
776 4344 826 4400 Ill.
846 4360 868 4397 o.
887 4346 912 4397 4.
