2872 4874
139 321 202 382 236
643 333 801 381 scuuuurr

133 473 222 538 ‘modi
245 467 385 555 personis
408 471 668 538 collocutionibus
699 471 858 537 mundano
880 472 970 551 ipsae
1000 472 1131 554 pulvere
1153 489 1272 556 consper-

133 567 264 644 gantur.
303 561 515 638 Quamobrem
538 577 610 623 cum
632 578 679 635 ea,
703 577 784 640 quae
808 559 850 624 ad
873 560 1006 624 electam
1022 560 1167 626 dominici
1189 562 1272 643 gregis

135 653 261 731 partem
283 647 524 713 custodiendam
555 646 726 712 salubriter
755 648 931 712 constituta
960 652 1051 726 sont,
1080 647 1121 712 ab
1143 647 1272 713 omnibus.

138 741 174 801 ut
195 755 255 817 par
278 741 337 815 est,
359 737 475 816 ubique
491 734 620 813 servari,
645 740 677 799 et
700 753 809 799 omnes
825 734 994 800 abusiones
1016 753 1035 800 e
1057 735 1160 800 medio
1183 734 1274 800 aulem

135 829 293 907 oporteat,
305 840 396 889 sacro
412 825 607 904 approbante
616 820 763 901 Concilio,
777 823 975 888 decernimus
987 828 1084 903 atque
1095 823 1273 888 mandamus:

625 1031 762 1098 CAPUT
786 1031 810 1097 I.

241 1174 279 1238 In
313 1174 559 1255 quibuscumque
588 1173 781 1254 regularium
812 1172 951 1236 virorum
975 1173 1133 1250 domibus,
1163 1190 1273 1240 couven-

136 1261 222 1326 tibus
246 1265 278 1326 et
300 1262 499 1326 monasteriis
522 1261 668 1325 clausura
689 1266 842 1337 servetur,
864 1262 956 1342 juxta
977 1276 1086 1326 sacros
1109 1278 1235 1327 canones
1251 1265 1274 1323 ct
1325 1334 1327 1353 Ι

138 1348 336 1431 Apostolicas
360 1349 601 1413 constitutiones
617 1354 712 1429 atque
735 1348 965 1432 sanctiones;¹)
987 1349 1034 1412 ita
1056 1352 1092 1411 ut
1115 1349 1273 1413 earumdem

136 1437 307 1517 domorum,
325 1441 535 1501 conventuum
557 1443 590 1501 et
604 1436 870 1501 monasteriorum
884 1440 976 1516 septa
998 1442 1031 1500 et
1046 1454 1140 1500 sacra
1161 1436 1274 1501 claustra

136 1523 290 1589 foeminae
322 1523 481 1605 quaelibet
515 1523 738 1606 cujuscumque
784 1523 909 1605 generis
943 1529 1000 1587 aut
1034 1524 1219 1589 conditionis
1242 1522 1275 1586 ir·

137 1612 241 1694 gredi,
276 1617 332 1676 aut
354 1613 386 1675 in
409 1631 460 1689 ea,
497 1612 621 1677 etiamsi
651 1610 805 1676 infantilis
833 1611 950 1675 aetatis
973 1612 1054 1691 sint,
1084 1612 1183 1694 recipi
1209 1609 1275 1676 nullo

136 1700 229 1764 modo
253 1699 376 1780 possint
398 1699 457 1764 sub
472 1700 611 1764 censuris
635 1706 667 1763 et
689 1700 799 1781 poenis
815 1705 926 1764 contra
948 1699 1103 1764 violantes
1121 1699 1276 1763 clausuram

136 1785 294 1866 inflictis,
311 1788 422 1869 quovis
453 1788 512 1852 hac
535 1788 574 1852 de
598 1806 632 1851 re
664 1786 771 1851 ablato
802 1787 990 1866 discrimine,
1023 1805 1065 1850 an
1096 1787 1215 1868 aliquo,
1241 1785 1278 1849 rel

136 1875 232 1939 etiam
254 1875 340 1940 nullo
365 1875 600 1956 privilegiorum
622 1879 789 1956 praetextu
810 1876 973 1956 ingressus
989 1875 1154 1956 obtingat;
1176 1893 1214 1939 ac
1231 1891 1278 1938 nor

137 1964 283 2029 obstante
306 1964 415 2044 quovis
438 1962 609 2043 privilegio,
640 1968 672 2026 et
696 1980 892 2043 quacumque
914 1962 1011 2026 etiam
1033 1960 1121 2045 longi
1144 1961 1277 2044 temporis

136 2051 294 2116 contraria
318 2050 553 2116 consuetudine.
590 2050 791 2131 Quapropter·
812 2049 959 2114 districte
983 2050 1174 2115 mandamus
1197 2049 1278 2115 Gene-

136 2139 263 2218 ralibuS,
280 2137 539 2217 ProuincialibuS,
557 2138 741 2212 Abbatibus,
759 2137 992 2216 visitatoribus,
1009 2137 1155 2218 aliisque·
1167 2139 1275 2218 adquos

133 2233 269 2307 spectat,
292 2232 329 2290 ut
352 2227 500 2291 clausura
530 2225 584 2289 ubi
607 2231 695 2290 extat
718 2225 887 2307 diligenter
909 2230 1067 2304 servetur,
1099 2231 1132 2290 et
1166 2226 1218 2292 ubi
1233 2223 1276 2289 cb·

135 2314 265 2380 literata
288 2319 344 2378 aut
366 2313 515 2395 neglecta
536 2314 723 2392 inveniatur,
748 2314 876 2377 omniuo
899 2313 1103 2377 instauretur.

616 2519 753 2585 CAPUT
776 2522 816 2585 ΙΙ.

240 2661 352 2726 Nullus
388 2680 404 2724 e
435 2668 591 2726 conventu
619 2662 727 2742 egredi
756 2661 875 2725 audeat
909 2662 970 2725 nisi
1001 2663 1091 2743 justa
1127 2681 1167 2726 ex
1197 2679 1289 2741 causa,

134 2751 325 2829 licentiaque
340 2749 470 2830 siugulis
485 2750 605 2814 vicibus
621 2750 800 2830 impetrata,
817 2768 855 2815 ac
869 2750 1087 2814 benedictione
1102 2768 1122 2812 a
1138 2751 1291 2832 superiore

134 2843 279 2917 accepta3
302 2856 359 2901 nec
382 2856 444 2902 non
460 2856 530 2902 cum
547 2838 641 2917 socio,
667 2843 798 2918 excepto
822 2844 927 2901 tamen
943 2838 1050 2918 quoad
1072 2837 1292 2920 obligationem

136 2943 217 2999 cum,
230 2925 314 2990 socio
337 2925 521 3006 egrediendi
537 2944 614 2990 casu
635 2926 835 2990 necessitatis
852 2925 1029 3006 Superioris
1052 2925 1164 2990 localis
1182 2926 1292 3009 judicio

136 3013 393 3093 comprobandae.
428 3012 579 3095 Superior
600 3031 676 3078 vero
700 3013 883 3093 egrediendi
905 3014 1039 3091 veniam,
1063 3013 1125 3076 nisi
1147 3015 1236 3095 prius
1257 3010 1292 3077 de

127 3101 220 3182 justa
243 3119 340 3165 causa
363 3100 422 3166 sibi
438 3102 625 3179 constiterit,
650 3120 713 3165 non
737 3101 900 3177 concedat,
917 3102 1099 3180 sociumque
1124 3101 1293 3166 eclaustro

135 3188 257 3252 exituro
292 3188 464 3270 adjungere
495 3207 559 3254 non
588 3189 724 3254 omittat
778 3188 938 3253 Licentiae
965 3188 1132 3268 generales
1160 3188 1292 3254 exeundi

135 3275 213 3340 nulli
230 3275 365 3357 amplius
382 3277 603 3355 concedantur,
621 3282 654 3340 et
668 3276 850 3357 praemissis
866 3276 1009 3340 omnibus
1025 3278 1295 3341 contravenientes

136 3380 272 3444 congrua
295 3382 397 3445 poena
411 3364 600 3444 plectantur.
635 3363 774 3444 Quisque
790 3364 830 3427 ad
853 3367 1042 3428 conventum
1058 3363 1117 3428 sub
1132 3380 1294 3445 vesperam

134 3456 322 3528 revertatur,
338 3469 376 3516 ac
391 3452 494 3516 denuo
511 3452 710 3533 Superiorem
726 3452 821 3516 adeat
836 3451 1085 3515 benedictionem
1100 3458 1295 3541 recepturus.

135 3536 327 3604 Provideaut
349 3539 444 3603 etiam
469 3539 664 3622 Superiores,
696 3557 736 3604 ne
760 3538 911 3618 Religiosi
935 3539 967 3601 iu
989 3537 1203 3603 saecularium
1226 3557 1295 3606 cou-

135 3628 332 3692 suetudinem
356 3645 391 3691 se
413 3627 590 3704 insinueut3
626 3632 749 3691 ettam
781 3627 813 3690 in
841 3626 987 3690 claustris
1018 3644 1113 3706 quam
1141 3632 1233 3691 extra
1254 3628 1296 3691 ita

135 3715 381 3792 couversatione,
412 3721 514 3794 gestu,
545 3714 656 3778 habitu
690 3720 722 3778 et
744 3716 870 3778 incessu
900 3731 935 3778 se
963 3721 1086 3795 gerant,
1118 3719 1156 3778 ut
1186 3715 1238 3796 qui
1261 3724 1295 3778 eir

135 3802 269 3867 adverso
292 3805 367 3866 suut
387 3806 559 3866 vereantur
582 3801 660 3865 nihil
682 3802 836 3867 habentes
859 3802 978 3865 malum
995 3801 1109 3866 dicere»
1125 3801 1165 3866 de
1189 3803 1243 3883 eia,
1265 3805 1295 3865 et

136 3888 357 3954 christifideles
390 3889 431 3953 ab
460 3889 537 3971 ipsis
571 3889 687 3970 ubique
719 3887 971 3954 aedificationem
999 3889 1166 3970 accipiant.
1215 3889 1294 3966 Qua·

135 3982 265 4058 propter
298 3977 464 4058 quominus
503 3976 682 4042 saeculares
719 3977 838 4058 absque
873 3977 960 4058 justa
997 3995 1094 4042 causa
1132 3974 1294 4058 religiosas

246 4189 264 4239 ¹l
287 4185 350 4252 Cap.
371 4185 509 4240 Pervenit.
527 4189 571 4240 20.
585 4202 657 4240 caua.
678 4188 718 4239 18.
732 4190 837 4252 quaest.
858 4189 890 4253 l.,
910 4182 936 4237 S.
956 4185 1021 4238 Pius
1040 4173 1073 4238 Vss
1092 4183 1187 4238 Ooust.
1210 4176 1290 4236 Decri

96 4314 98 4319 ‚
134 4255 291 4310 Rornaoam
314 4255 488 4323 Pontificem,
516 4255 630 4324 Gregor.
658 4256 733 4309 Xlll.
761 4255 855 4313 Const.
881 4256 1006 4323 incipian.
1037 4253 1091 4307 Ubi
1118 4253 1236 4322 probae,
1262 4258 1289 4306 et

136 4327 238 4381 Beued
257 4326 330 4381 XIV.
349 4326 442 4384 Ooust.
461 4326 612 4395 Regulam
630 4325 803 4393 disciplinae.
