2872 4874
1212 162 1234 217 ᾖ

223 349 287 411 258
444 362 557 413 maru.
579 361 621 411 us
642 361 740 410 ausus
760 362 821 410 am.
843 363 964 412 oamuu.
987 364 1026 411 uu
1047 362 1182 414 mssroa

222 504 281 569 boo
302 502 426 568 saeculo
449 500 550 566 XIX.
579 501 623 567 ad
645 500 814 586 retipiouis
845 502 963 568 uoltum
985 503 1021 567 iu
1046 501 1171 568 Galliis
1201 507 1386 571 restauras·

223 591 300 666 dum
321 590 468 655 adhibuit
490 589 530 654 P.
552 589 602 654 M.
625 588 708 654 Pius
738 588 824 668 VH,
843 590 958 669 plures
980 589 1148 656 Dioeoeses
1171 593 1384 676 eatiuaueudo

223 684 253 745 et
274 698 373 744 uooas
395 677 574 761 eriqeudo),
606 697 643 741 ae
675 675 747 742 ideo
778 677 961 760 huiusmodi
983 677 1244 744 ordinationibus
1274 681 1381 746 obtcue

216 786 337 847 peroro
359 765 514 843 nolentes,
548 763 685 829 Sanctae
707 763 784 829 Sodi
816 771 846 829 ct
869 766 1051 830 constitutis
1079 765 1119 830 ab
1149 766 1205 830 Ea
1233 767 1380 850 lepitimis

221 855 379 936 episeopis
412 852 622 917 obedientiam
655 850 877 930 detrectantes,
913 874 935 917 a
966 874 1042 918 vera
1077 851 1203 918 Obristi
1240 853 1385 921 Ecclesia

222 941 367 1023 subacti,
391 941 427 1005 iu
448 940 617 1006 schismate
639 946 820 1006 versantur.

327 1047 448 1112 Minae
471 1049 523 1110 25.
547 1043 710 1110 Februarii
735 1049 830 1110 1870.

677 1168 699 1250 ’γ
721 1167 831 1233 Victor
852 1167 935 1250 Aug.
958 1167 1105 1251 Archiep.
1129 1167 1281 1239 Mechlin.

698 1368 908 1379 *uu——

612 1507 645 1590 3.
689 1506 993 1591 Possumus

220 1668 279 1735 uu
300 1633 338 1732 A'
352 1664 550 1734 concrum
571 1665 783 1731 vincano
802 1665 958 1733 sunum
975 1666 1034 1732 nn
1056 1629 1381 1734 anonumumu

369 1771 639 1837 nucssrounn
663 1769 950 1891 enupsnmln
972 1771 1244 1839 mansurus.

327 1913 355 1977 A
378 1912 477 1979 Sacra
498 1911 707 1978 Oeeumenica
729 1911 855 1994 Synodo
878 1912 1034 1978 Vaticana
1055 1910 1252 1996 infrascripti
1272 1914 1381 1980 Patres

219 2001 397 2067 humillima
418 2001 613 2082 instantique
639 2000 802 2082 postulant
824 2018 933 2082 prece,
968 2006 1005 2065 ut
1027 2007 1060 2066 et
1086 2002 1301 2068 miserrimam
1321 2003 1381 2066 He-

220 2092 389 2156 braeorum
411 2094 540 2172 gentem
568 2093 703 2169 patema
729 2087 867 2170 quadam
894 2089 1083 2154 invitatione
1117 2089 1271 2171 dignetur
1292 2107 1380 2174 prae·

219 2179 341 2244 venire:
365 2177 485 2242 seilicet
499 2181 607 2241 votum
623 2176 805 2257 exprimere,
821 2183 858 2241 ut
872 2175 1001 2241 tandem
1016 2176 1200 2259 longissima
1215 2177 1380 2258 inutilique

219 2267 436 2348 expectatione
458 2264 578 2344 lassat-i,
604 2263 646 2327 ad
668 2262 856 2328 MESSIAM
872 2262 1154 2330 SALVATOREM
1168 2263 1379 2344 NOSTRUM,

219 2372 293 2419 vere
316 2354 505 2436 promissum
528 2350 676 2416 Abrahae
703 2359 737 2416 et
759 2369 779 2414 a
801 2349 910 2434 Moyse
936 2353 1199 2432 praenunciatum
1228 2351 1377 2418 festinent

218 2441 387 2527 accedere:
419 2441 465 2505 sic
486 2437 688 2522 perficientes
710 2446 962 2520 coronantesqne
988 2439 1174 2522 religionem
1195 2438 1379 2519 Massicum,

218 2547 282 2594 uon
304 2534 475 2593 mutantes.

694 2630 905 2641 -————-

562 2734 795 2801 POSTULATI
816 2734 1034 2802 RATIONES.

325 2858 376 2924 Ex
398 2877 462 2923 una
475 2863 569 2940 parte
597 2857 792 2940 infrascripti
807 2858 919 2924 Patres
942 2856 1155 2924 firmissimam
1168 2861 1283 2924 tenent
1304 2858 1380 2924 fidu·

218 2949 300 3013 ciam
322 2948 388 3012 lare
411 2955 447 3010 ut
470 2947 676 3012 Sacrosancta
691 2945 835 3030 Synodus
851 2947 1068 3011 Israelitarum
1089 2944 1292 3027 misereatur,
1310 2948 1380 3029 quia

219 3053 343 3117 semper
365 3039 441 3098 sunt
464 3034 531 3098 Deo
556 3033 733 3099 charissimi
754 3040 886 3116 propter
900 3033 1022 3113 Patres,
1048 3038 1082 3099 et
1104 3032 1179 3114 quia
1201 3051 1241 3100 ex
1264 3035 1313 3101 eis
1335 3041 1378 3100 est

209 3120 365 3188 'Christus
388 3123 559 3187 secundum
583 3139 717 3187 carnem.
800 3161 801 3165 =

322 3209 372 3274 Ex
395 3209 497 3274 altera
523 3216 615 3291 parte
646 3209 759 3274 iisdem
793 3209 943 3275 Patribus
975 3206 1074 3273 dulcis
1096 3208 1182 3273 inest
1211 3213 1246 3274 et
1266 3208 1379 3274 intima

217 3315 302 3380 spes,
333 3298 393 3363 hoc
415 3303 521 3362 votum
544 3297 671 3362 honoris
694 3315 814 3361 necnon
838 3297 1027 3375 dilectionis,
1062 3294 1237 3378 adjuvante
1257 3295 1378 3378 Spiritu

215 3383 342 3468 Sancto,
366 3384 499 3449 libenter
529 3392 692 3464 acceptum
722 3385 763 3448 iri
785 3403 804 3447 a
826 3384 967 3465 pluribus
998 3383 1147 3449 Abrahae
1176 3381 1271 3449 filiis:
1307 3385 1377 3467 quia

216 3480 334 3552 vetera,
357 3473 471 3553 quibus
486 3472 720 3552 detinebantur,
736 3471 901 3536 obstacula
915 3471 1063 3536 videntur
1076 3489 1161 3536 nuuc
1178 3489 1376 3551 evanescere,

212 3562 281 3642 jam
305 3561 411 3626 diruto
436 3560 585 3640 antiquae
609 3559 773 3625 divisionis
796 3578 895 3624 muro.

320 3647 453 3714 Utinam
475 3648 575 3730 igitur
603 3647 696 3712 citius
719 3646 895 3713 acclament
916 3645 1093 3726 Christum,
1127 3646 1280 3712 dicentes:
1314 3646 1375 3711 Ho

217 3753 319 3801 sanna
340 3735 403 3801 filiu
426 3735 546 3800 David!
568 3734 753 3800 benedictus
776 3735 831 3816 qui
852 3736 940 3799 venit
962 3735 997 3798 in
1018 3734 1151 3799 Nomine
1174 3734 1317 3799 Domini!

210 3830 213 3837 '
321 3823 453 3888 Utinam
479 3824 523 3888 ad
546 3822 676 3888 brachia
703 3822 853 3898 advolent
874 3821 1101 3887 Immaculatae
1124 3821 1256 3903 Mariae,
1287 3839 1371 3902 quae,

212 3911 280 3996 jam
302 3912 444 3993 ipsorum
467 3927 558 3976 soror
587 3910 758 3975 secundum
783 3928 924 3993 carnem,
954 3909 1023 3974 vult
1044 3910 1122 3991 ipsis
1146 3925 1217 3974 esse
1238 3909 1322 3974 sieut
1343 3913 1373 3973 et

215 3999 306 4065 nobis
328 4005 431 4064 mater
453 3997 626 4063 secundum
649 3999 793 4080 gratiam.

302 4137 391 4204 Huic
406 4138 622 4219 postulationi
644 4137 812 4220 puiuqeuti
834 4143 866 4202 et
886 4138 991 4203 decem
1016 4134 1154 4202 Ooucilii
1177 4134 1295 4201 Patres

353 4275 355 4278 <
662 4241 930 4320 subscripserunt.

697 4397 893 4426 -ι-κων-
