2872 4874
144 336 217 397 ‘180
653 350 823 398 rosunum

152 488 322 555 hodiernae
344 490 436 570 praxi
451 489 730 568 accommodatum,
755 496 788 556 et
809 492 841 556 in
857 492 963 556 varios
985 492 1106 571 titulos,
1130 493 1255 574 capitae

152 594 210 658 pro
232 577 437 642 materiarum
458 578 614 642 venante
638 578 851 642 distributum.
894 602 903 622 ·

256 683 384 760 Romae,
409 688 461 747 29.
484 681 638 762 ianuarii,
663 685 695 747 in
717 683 813 748 Festo
836 683 866 749 S.
887 685 1048 749 Francisci
1072 684 1192 764 Salesii,
1218 690 1255 750 la

140 818 155 897 J
260 821 347 888 Hnic
364 822 579 903 postulationi
600 794 861 904 snbscripsernnt
884 828 905 888 5
931 823 1071 890 Concilii
1095 825 1220 892 Patres.

561 1296 596 1375 l.
636 1295 903 1377 Posubinun

148 1434 578 1525 naomnnisoononnm
600 1453 655 1516 nu
677 1451 976 1520 nnnsoouoncu
991 1452 1255 1518 nnovincmar

146 1595 148 1599 -
371 1556 661 1635 oununonnsis
684 1557 738 1621 nu
761 1556 1094 1622 unninnxmnsns.

628 1750 829 1814 Postulatum

148 1893 184 1952 ut
205 1888 303 1953 totius
323 1891 403 1972 juris
435 1890 649 1965 ecclesiastici,
681 1896 812 1956 curante
835 1889 964 1954 Summo
987 1888 1151 1968 Pontifice‚
1182 1906 1255 1973 pera

149 1975 287 2043 Concilio
310 1979 474 2056 Vaticano,
499 1976 556 2042 fiat
570 1977 746 2043 codilicatio
771 1997 843 2043 cum
864 1979 902 2042 iis
918 1978 1131 2043 additionibus
1155 1983 1188 2042 et
1208 1994 1254 2040 mu

144 2063 377 2218 tiiossiffifflae
392 2066 551 2147 praesenti
563 2084 675 2130 rerum
684 2068 782 2130 statui
794 2065 935 2131 utiliores
959 2071 992 2130 et
1007 2065 1255 2132 accommodatior

560 2310 716 2374 Rationes
736 2311 902 2390 postulati.

139 2490 142 2495 .
254 2456 281 2514 1.
305 2450 441 2514 Facilior
469 2457 501 2514 et
533 2451 726 2515 communior
748 2451 901 2514 evaderet
931 2450 1068 2531 cognitio
1097 2450 1192 2530 hujus
1214 2448 1255 2529 jur

144 2538 228 2616 quod
249 2556 334 2603 nunc
348 2555 427 2618 pene
450 2538 621 2601 innumeris
637 2538 915 2603 constitutionibus
938 2543 972 2602 et
987 2538 1161 2603 canonibus
1177 2541 1255 2603 const

159 2675 161 2682 ι
251 2629 280 2688 2.
303 2624 407 2689 Multa
430 2626 462 2689 in
486 2625 726 2690 desuetudinem
741 2626 896 2704 abierunt,
920 2625 971 2690 vel
994 2625 1200 2706 impossibilia
1219 2622 1255 2687 la(

145 2716 227 2788 sunt
250 2711 300 2775 vel
323 2712 355 2775 in
377 2715 550 2777 maximum·
570 2712 732 2778 Ecclesiae
753 2713 870 2778 bonum
893 2715 1010 2777 mutari
1030 2720 1175 2793 possunt.

232 2868 318 2934 Hnic
334 2870 547 2950 postulationi
577 2871 836 2949 subscripserant
858 2875 900 2934 13
925 2869 1063 2935 Concidit
1086 2870 1211 2934 Patres.

617 3084 719 3092 ..ι-Ψ
734 3084 769 3089 ·—›
794 3084 828 3088 ο-

622 3239 823 3304 Postulatum

140 3383 178 3443 ut
199 3380 232 3442 in
255 3377 394 3443 Concilio
418 3379 572 3445 Vaticano
596 3380 820 3458 consideretur,
845 3384 952 3442 utrum
972 3379 1119 3459 expediat
1148 3379 1180 3442 in
1201 3371 1255 3439 toti

135 3467 217 3548 juris
259 3466 466 3531 ecclesiastici
506 3467 721 3532 codifioatione
765 3471 868 3531 totam
913 3465 1144 3549 legislationem
1175 3465 1213 3530 de
1239 3461 1255 3524 ir

139 3554 334 3634 pedimentis¹
358 3553 553 3618 Matrimonii
588 3555 630 3618 ad
663 3554 817 3619 trutinam
850 3572 1016 3633 revocare,
1052 3555 1099 3618 ita
1126 3559 1162 3617 ut
1190 3566 1255 3615 eoru

135 3642 433 3723 impedimentorum
448 3643 609 3707 minuatur
623 3661 780 3718 numerus,
793 3641 843 3706 vel
860 3642 973 3706 saltem
989 3647 1145 3721 augeatur
1158 3640 1255 3721 potest

138 3730 301 3794 ordinaria
323 3731 541 3810 episcoporum
566 3730 606 3794 ab
629 3730 863 3811 impedimentis
887 3729 1099 3810 dispensandi.

551 3939 707 4003 Rationes
725 3940 892 4019 postulati.

245 4087 272 4145 1.
301 4081 402 4145 Valde
434 4082 600 4145 intricatae
628 4085 703 4144 sunt
735 4080 823 4162 leges
853 4081 892 4143 de
925 4078 1157 4159 impedimentis
1189 4080 1222 4140 et

136 4170 438 4252 dispensationibus,
470 4173 507 4232 ut
529 4172 656 4232 constat
683 4186 722 4232 ex
750 4168 920 4232 innumeris
952 4163 1189 4230 difficultatibus
1213 4181 1255 4244 qu

134 4257 275 4339 quotidie
296 4256 467 4321 solvendae
497 4261 669 4321 accurrunt
696 4261 765 4320 tum
799 4252 1105 4336 Congregationibus
1133 4253 1255 4316 Roman

134 4351 202 4410 tum
225 4344 402 4410 ordinariis
423 4343 575 4409 locorum.
