2872 4874
140 330 205 393 150
640 345 809 392 maronam

244 481 319 563 Nec,
343 484 437 548 etiam
453 489 525 565 post
545 484 647 566 ipsam
663 485 835 551 secundam
850 485 1045 565 instantiam,
1062 483 1167 551 locum
1181 484 1299 552 habere

139 570 172 636 in
194 572 296 636 causis
319 571 498 652 levioribus
522 571 579 637 sed
601 577 725 637 tanturn
748 573 780 637 in
803 573 1002 655 gravioribus
1024 578 1060 639 et
1075 573 1256 656 majoribus,
1278 593 1298 638 a

136 660 209 742 jure
231 659 490 725 determinandis.
502 662 529 740 1)

139 885 190 953 De
213 887 316 951 litatis
344 887 453 950 orandae
475 885 641 952 Romanae
669 887 852 968 honorificis
880 907 945 951 non
971 887 1174 966 conferendis
1195 907 1300 953 socer-

222 992 345 1057 dota'tns
367 998 460 1056 entra
481 991 619 1057 Romam
641 993 845 1078 degentibus,
858 992 1051 1058 inconsultis
1073 993 1219 1073 ipsoram

620 1096 818 1162 ordinariis.

244 1236 343 1300 Tituli
365 1234 527 1301 honorifici
557 1242 590 1302 et
618 1237 781 1319 privilegia
809 1235 1081 1317 camerariorum,
1114 1237 1300 1305 Protonota

139 1325 266 1403 riorum,
301 1324 570 1389 Missionariorum
593 1325 846 1407 apostolicorum,
877 1344 941 1390 non
967 1327 1182 1391 concedantur
1213 1345 1300 1408 pres

138 1412 257 1494 byteris
280 1417 368 1477 extra
383 1413 516 1477 Romam
532 1413 805 1492 commorantibus
822 1413 897 1495 quin
919 1413 1007 1494 prius
1023 1413 1161 1479 consulti
1183 1413 1300 1478 luerit

138 1499 288 1582 Episcopi
310 1519 441 1583 quorum
454 1499 536 1581 juris
558 1508 646 1579 sunt;
669 1520 709 1566 ne
731 1500 905 1582 periculum
921 1501 1101 1566 incurratur
1122 1501 1300 1584 hujusmor

138 1587 272 1654 honores
302 1593 335 1653 et
368 1587 492 1654 favores
515 1589 665 1671 indignis,
697 1607 753 1670 per
776 1588 1001 1671 ignorantiam,
1035 1587 1231 1670 conferendi,
1287 1611 1300 1648 ι

137 1675 314 1741 molestiam
329 1677 405 1758 ipsis
421 1675 588 1758 Episcopis
605 1676 741 1756 creandi,
767 1676 841 1740 dum
857 1677 1040 1743 sacerdotes
1057 1677 1172 1742 dubiae
1186 1675 1293 1741 fama

138 1765 201 1829 imo
224 1781 302 1846 quos
325 1764 493 1846 aliquando
517 1763 675 1831 Ordinarii
702 1766 811 1846 poenis
834 1765 972 1845 plectere
995 1764 1170 1845 debuerint,
1196 1758 1300 1831 affin

138 1870 231 1917 mano
255 1850 407 1917 Pontifice
430 1850 630 1918 honorificari
651 1853 851 1918 videbuntur.

242 1941 321 2004 Item
356 1939 461 2004 nullus
494 1939 670 2022 Episcopus
703 1941 892 2006 canonicatu
925 1939 967 2005 ad
996 1940 1149 2006 honorem
1179 1940 1300 2015 aliena

137 2028 290 2094 dioecesis
320 2028 539 2110 presbyterum
570 2034 674 2109 ornet,
710 2028 771 2093 nisi
803 2028 891 2110 prius
921 2028 1066 2093 consulto
1089 2027 1185 2111 huJ'us
1211 2042 1300 2109 pres

136 2117 238 2200 hyteri
262 2116 438 2182 Ordinatio

136 2340 187 2407 Dc
203 2342 285 2408 ninia
298 2342 335 2406 in
357 2359 422 2405 eoo.
441 2339 665 2406 Cordlnolinln
686 2340 823 2424 collegio,
847 2342 1052 2424 romanisque
1073 2337 1300 2426 Conprepota‘o·

412 2445 508 2511 nibna
530 2451 560 2510 et
582 2445 801 2511 tribunalibus
824 2445 1023 2513 adhibendis.

242 2587 280 2651 ln
308 2603 398 2650 sacro
422 2584 636 2650 cardinalium
667 2584 820 2666 Collegio,
853 2605 912 2653 nec
945 2605 1009 2653 non
1038 2589 1070 2653 in
1093 2587 1124 2654 S.
1150 2582 1300 2653 Romanis

137 2673 442 2756 Oongregationibus
474 2677 508 2739 et
536 2672 762 2754 tribunalibus,
797 2674 918 2739 utinam
948 2693 1072 2757 semper
1093 2678 1300 2748 sociarentur,

138 2780 207 2827 cum
242 2761 431 2827 doctissimis
454 2761 545 2840 viris,
581 2759 673 2826 multi
701 2762 798 2827 etiam
833 2761 974 2829 homines
1004 2764 1155 2845 practici,
1189 2782 1226 2830 ex
1246 2760 1300 2826 his

137 2848 259 2915 scilicet
281 2850 336 2930 qui
358 2849 390 2913 in
413 2849 558 2930 gerendis
582 2849 714 2914 diversis
738 2850 919 2915 muneribus
936 2850 1157 2917 ecclesiasticis
1180 2841 1300 2917 versati

135 2937 253 3002 luerint
276 2943 309 3002 et
331 2955 457 3002 manum
480 2938 534 3002 diu
557 2937 740 3015 habuerint;
779 2938 888 3018 quales
911 2944 986 3003 sunt
1008 2939 1166 3023 Episcopi,
1191 2947 1300 3005 eorurss

136 3024 255 3091 Vioarii
277 3025 442 3108 generales
472 3030 504 3089 et
527 3023 694 3107 Officiales,
726 3024 870 3105 Parachi,
902 3025 1054 3092 Rectores
1077 3027 1227 3092 domuum
1246 3043 1300 3091 re*

135 3113 328 3194 ligiosarum,
362 3113 554 3178 Missionarii
587 3115 620 3178 in
657 3113 838 3196 regionibus
872 3112 1060 3195 infidelium,
1094 3120 1154 3181 etc.
1204 3105 1300 3180 Ham!

136 3201 221 3266 enim
254 3202 379 3266 videtur
412 3219 474 3282 quo
508 3201 631 3266 meliori
658 3208 690 3266 et
722 3200 887 3267 efficaciori
919 3203 1012 3269 modo
1041 3203 1082 3268 ad
1109 3204 1300 3286 prudentem

135 3293 299 3370 tutamque
322 3290 543 3356 tractationem
573 3293 605 3354 et
628 3288 818 3355 decisionem
846 3295 895 3355 tot
917 3292 1117 3372 negotiorum
1140 3295 1172 3356 et
1195 3290 1291 3357 litium

136 3376 438 3459 ecclesiasticarum,
469 3395 551 3459 quae
581 3377 714 3443 Romam
742 3377 951 3463 undequaque
983 3375 1103 3460 alflunt,
1141 3378 1293 3462 perveniri

135 3465 251 3547 possit,
286 3465 348 3529 nisi
374 3466 493 3547 junctis
527 3465 620 3529 simul
643 3465 675 3529 in
693 3464 819 3530 ,iisdem
846 3465 983 3532 conciliis
1016 3466 1163 3532 doctrina
1190 3473 1224 3533 et
1244 3486 1294 3533 ex·

134 3552 299 3634 parientia,
324 3570 456 3634 quarum
489 3571 555 3618 una
585 3553 740 3635 principia
762 3554 917 3635 proponit,
949 3553 1052 3619 altera
1073 3554 1294 3638 principiomm

134 3639 391 3724 applicationem,
426 3640 522 3706 salvis
545 3641 622 3722 ipsis
646 3641 818 3724 principiis,
843 3659 949 3706 rerum
973 3642 1138 3724 exigentiis
1162 3648 1195 3709 et
1218 3641 1295 3709 diffi-

135 3729 306 3794 cultatibus
330 3732 545 3810 attemperare
568 3733 601 3794 et
623 3729 792 3794 conciliare
815 3729 913 3795 novit.

244 3937 266 4006 ¹)
286 3936 327 3992 tf.
346 3936 491 3993 Postulata
510 3936 536 3991 S.
557 3937 659 3994 concil.
679 3937 754 3991 Trid.
773 3937 933 4006 proposita:
1266 4002 1268 4006 7

240 4007 372 4076 ,Videtur
390 4007 575 4077 statuendum,
593 4014 625 4061 at
643 4007 732 4062 omnis
755 4020 838 4062 cansa
855 4013 989 4062 tractetur
1008 4006 1036 4061 in
1054 4008 1144 4077 prima
1162 4008 1300 4063 instantia

134 4092 225 4133 coram
244 4076 399 4147 Ordinario,
422 4079 495 4132 etin
513 4078 630 4134 secunda
655 4091 748 4133 coram
766 4077 991 4145 Metropolitano,
1010 4084 1037 4133 et
1055 4079 1084 4132 in
1102 4079 1185 4134 tertia
1203 4093 1300 4133 eoram

134 4146 199 4203 aede
212 4147 383 4217 apostolica,
396 4149 420 4203 si
431 4156 533 4216 agatur
546 4164 630 4218 super
642 4147 775 4204 beneficio
784 4148 950 4203 ascendente
962 4147 997 4203 ad
1010 4150 1130 4203 valorem
1144 4147 1291 4216 magnum“

134 4217 280 4285 (Postulat.
298 4218 394 4274 Barth.
413 4234 430 4274 a
448 4219 578 4288 Martyr.)

239 4289 467 4358 „appellationes
494 4288 631 4357 gradatim
661 4288 752 4344 lanae
783 4289 925 4343 dumtaxat
954 4286 1061 4343 admitti
1091 4288 1214 4358 possint,
1244 4300 1300 4342 nee

133 4358 235 4418 omisso
253 4359 369 4418 medio.“
405 4359 524 4429 (Pantul.
541 4359 626 4428 Regis
644 4358 781 4427 Lusitan.)
