2872 4874
463 324 502 370 na
526 324 669 372 acturam
693 323 823 372 cuman.
1180 312 1222 371 37

50 467 242 547 Pariterque
258 466 465 547 reprobamus
481 465 679 545 impietatem
694 464 830 543 illorum,
855 463 909 544 qui
925 462 1077 528 claudunt
1091 481 1225 545 regnum

51 555 213 619 coelorum
229 558 306 618 ante
321 552 473 631 homines,
490 552 579 617 falsis
591 553 808 633 praetextibus
821 549 1024 632 affirmantes,
1041 551 1226 617 indecorum

53 643 102 708 vel
126 641 167 705 ad
191 640 328 706 salntem
351 641 479 704 minime
503 641 719 705 necessarium
743 657 827 718 esse,
859 638 1006 703 deserere
1029 639 1224 721 religionem,

55 731 112 795 etsi
135 728 265 808 falsam,
298 729 330 792 in
354 747 418 811 qua
440 730 510 810 quis
533 734 626 792 natus
649 727 700 793 vel
722 728 878 792 educatus
901 746 939 791 ac
967 727 1134 791 institutus
1158 734 1224 804 est;

55 837 110 883 nec
133 835 198 882 non
221 816 397 882 Ecclesiam
419 817 530 899 ipsam,
555 834 692 896 quaese
716 815 900 897 religionem
924 832 993 879 esse
1008 815 1099 880 unice
1114 834 1223 880 veram

55 903 230 988 profitetur,
254 922 365 970 omnes
387 910 493 970 autem
517 903 685 986 religiones
710 909 742 968 et
766 907 871 968 sectas
894 920 987 966 asna
1002 904 1221 968 communione

57 1000 219 1076 separatas
242 992 414 1075 proscribit
436 999 470 1057 et
494 991 635 1070 damnat,
660 991 878 1070 criminantur,
901 991 1035 1071 perinde
1058 992 1138 1056 acsi
1158 990 1224 1056 ulla

56 1099 190 1163 unquam
213 1098 286 1146 esse
309 1085 418 1162 posset
448 1080 651 1162 participatio
679 1080 825 1161 justitiae
856 1096 927 1143 cum
949 1079 1131 1159 iniquitate,
1167 1088 1224 1144 aut

58 1171 189 1235 societas
212 1168 293 1234 lucis
319 1168 360 1232 ad
382 1168 540 1247 tenebrae,
566 1172 597 1231 et
621 1168 784 1232 conventio
808 1165 928 1232 Christi
950 1168 991 1231 ad
1014 1165 1126 1234 Belial.

515 1395 652 1462 CAPUT
676 1396 762 1461 VIII.

365 1534 417 1602 De
440 1536 604 1603 Ecclesiae
627 1536 911 1618 indefectibilitutc.

157 1678 367 1743 Declaramus
390 1679 531 1758 insuper,
566 1675 683 1741 Christi
711 1676 903 1759 Ecclesia-m,
939 1678 1005 1741 sive
1036 1677 1222 1743 exsistentia

62 1766 118 1830 siue
141 1766 330 1831 constitutio
354 1766 421 1848 ejus
446 1771 616 1846 spectetur,
641 1766 826 1830 societatem
850 1782 923 1829 esse
938 1783 1108 1846 perennem
1124 1773 1221 1846 atque

64 1851 313 1931 indefectibilem,
348 1853 530 1934 nullamque
562 1858 634 1933 post
664 1853 752 1918 illam
783 1871 886 1933 neque
919 1853 1092 1934 pleniorem
1120 1872 1221 1935 neque

65 1941 274 2021 perfectiorem
298 1941 411 2006 salutis
434 1942 646 2008 oeconomIam
670 1943 702 2006 in
733 1941 792 2006 hoc
822 1942 948 2006 saeculo
977 1941 1220 2021 exspectandam

69 2047 126 2094 me
173 2027 308 2094 Etenim
331 2047 403 2094 cum
437 2029 479 2093 ad
501 2027 596 2092 finem
623 2047 723 2110 usque
747 2028 856 2092 mundi
878 2030 932 2110 qui
958 2029 990 2091 ln
1013 2028 1107 2092 terris
1130 2047 1221 2110 pere·

72 2118 220 2196 eluantur
260 2117 413 2183 mortales
444 2115 572 2180 Christo
606 2122 738 2182 auctore
778 2116 923 2181 salvandi
954 2117 1033 2182 sint:
1078 2114 1221 2182 Ecclesm

67 2203 157 2285 ipsine,
182 2222 268 2287 quae
291 2204 360 2270 sole
382 2212 432 2271 est
455 2204 567 2268 salutis
590 2205 737 2284 sociatae,
761 2205 802 2268 ad
825 2202 920 2269 linem
935 2221 1035 2284 usque
1057 2203 1166 2268 mundi
1188 2206 1220 2268 in

64 2309 109 2356 tua
131 2293 363 2359 constitutIone
385 2293 590 2357 immutabilis
614 2312 738 2374 semper
755 2298 787 2356 et
802 2293 934 2357 immota
948 2293 1107 2373 persistet.
1132 2291 1221 2358 Licet

61 2380 147 2461 igilur
177 2379 326 2446 Ecclesia
358 2386 494 2456 crescat,
533 2386 567 2445 et
600 2383 720 2446 utinam
755 2386 911 2460 augeatur
939 2381 1061 2463 jugiter
1093 2377 1155 2444 fide
1188 2388 1220 2446 et

59 2468 226 2549 charitate,
251 2474 288 2533 ut
311 2466 428 2533 Christi
455 2486 570 2550 corpus
594 2466 789 2546 aedificatum
818 2468 894 2533 licet
915 2487 973 2549 pro
995 2469 1086 2532 varia
1115 2474 1221 2534 aetate

58 2574 127 2635 sua,
164 2564 199 2622 et
226 2574 285 2638 pro
322 2556 508 2621 diversitate
539 2557 776 2637 adjunctorum,
811 2556 897 2621 inter
928 2574 1009 2637 quae
1040 2562 1221 2622 constanter

56 2643 219 2710 militando
247 2651 409 2724 versatur,
442 2645 529 2708 varie
560 2661 629 2709 sese
657 2645 809 2725 explicet:
845 2644 959 2709 eadem
987 2649 1095 2709 tamen
1124 2647 1156 2709 in
1185 2663 1219 2709 se

55 2749 173 2813 suaque
195 2750 216 2797 a
239 2729 368 2797 Christo
391 2738 522 2814 accepta
545 2733 769 2799 constitutione
798 2732 1005 2797 immutabilis
1027 2739 1219 2813 perseverat.

55 2818 159 2897 Quare
182 2818 304 2884 Christi
326 2818 470 2885 Ecclesia
492 2839 653 2901 nunquam
675 2826 783 2901 potest
809 2820 955 2885 excidere
984 2821 1049 2885 suis
1079 2824 1219 2901 proprie·

54 2908 174 2973 tatibus
196 2914 231 2973 et
254 2907 390 2988 dotibus,
413 2925 503 2973 sacro
526 2927 583 2972 suo
599 2909 791 2989 magisterio,
815 2907 989 2972 ministerio
1006 2913 1038 2972 et
1054 2909 1217 2988 regimine,

54 3001 88 3060 ut
121 2993 267 3060 Christus
295 3014 352 3076 per
383 3013 497 3078 corpus
531 3013 623 3060 suum
656 2997 780 3062 visibile
812 3001 965 3077 perpetuo
1001 2996 1043 3059 sit
1077 2997 1221 3062 omnihus

54 3081 230 3148 hominibus
253 3083 315 3163 via,
339 3085 458 3147 veritas
482 3088 515 3148 et
537 3085 613 3148 vita.

527 3276 665 3342 CAPUT
688 3277 744 3341 IX.

382 3415 434 3480 De
457 3415 622 3482 Ecclesiae
644 3417 889 3496 docfullc'he'lc'tate.

155 3554 329 3622 Excideret
351 3575 446 3637 porro
470 3557 614 3623 Ecclesia
638 3554 757 3623 Christi
780 3578 800 3623 a
822 3576 881 3623 sua
903 3556 1157 3623 immutabilitate
1187 3567 1219 3625 et

53 3640 216 3724 dignitate,
241 3649 275 3708 et
298 3643 458 3710 desineret
482 3663 550 3709 esse
566 3646 701 3711 societas
716 3647 802 3710 vitae
818 3664 856 3711 ac
876 3647 1090 3712 necessarium
1106 3646 1219 3713 salutis

57 3730 202 3810 medium,
225 3732 253 3795 si
276 3730 387 3797 eadem
409 3751 429 3796 a
451 3733 584 3798 salutari
607 3730 680 3798 fidei
699 3753 884 3814 morumque
900 3735 1036 3800 veritate
1060 3735 1218 3817 aberrare,

53 3834 89 3882 ac
110 3818 141 3881 in
166 3837 205 3883 ea
227 3818 441 3900 praedicanda
463 3824 558 3902 atquc
582 3821 768 3905 exponenda
794 3821 862 3886 falli
889 3823 939 3886 uel
966 3822 1077 3887 fallere
1100 3834 1217 3904 posset.

54 3904 95 3968 At
114 3905 264 3970 columna
286 3912 318 3971 et
340 3905 571 3973 firmamentum
595 3910 774 3992 veritatis1)
799 3915 862 3987 est3
893 3910 1027 3992 ideoque
1059 3909 1098 3976 ab
1133 3913 1218 3975 omni

53 3995 167 4061 erroris
190 3991 401 4076 salutatisque
423 3994 562 4077 periculo
589 3997 690 4062 libera
720 4002 752 4061 et
782 3998 939 4064 immunis.
985 3997 1081 4064 Sacro
1110 4004 1217 4063 autem

54 4084 84 4143 et
104 4078 278 4146 universali
308 4082 504 4163 approbante
527 4081 664 4149 Concilio
696 4085 847 4150 docemus
880 4091 976 4166 atque
1007 4085 1216 4165 declaramus,

53 4167 154 4233 dotem
179 4167 433 4250 infallibilitate,
458 4188 539 4251 quae
561 4177 711 4253 tanqmm
734 4179 890 4255 perpetua
912 4173 1076 4239 Ecclesiae
1099 4173 1218 4256 Christi

159 4342 182 4410 ¹)
201 4340 256 4408 Ep.
275 4341 295 4395 1.
314 4342 351 4395 ad
369 4343 485 4397 Timoth.
506 4344 555 4399 III.
576 4349 615 4399 15.
