2872 4874
214 331 263 391 80
717 343 885 391 rosuunrm

327 483 474 548 Cetemm
505 482 548 547 ad
575 483 674 564 pedes
698 483 782 547 Tuos
809 484 969 565 provoluti
996 502 1054 566 pro
1083 483 1173 549 nobis
1197 491 1231 550 et
1253 483 1393 567 populis,

212 570 505 724 {Zgzdpcdiolgggm
535 570 755 651 perducendos
782 572 969 653 accepimus,
1003 571 1221 695 apostolicam
1249 573 1393 654 petimus

432 779 620 845 Sanctitatis
643 778 731 844 Tuae

326 903 443 967 Datum
465 901 586 967 Romae
611 905 650 966 12
674 901 819 966 ianuarii
844 907 937 968 1870.

389 1022 575 1103 Humillimi,
600 1024 886 1106 obsequentissimi,
912 1024 1214 1090 devotissimiservi

307 1163 395 1228 Huic
419 1164 636 1244 postulationi
657 1165 914 1245 subscripserunt
936 1169 978 1228 46
1004 1164 1141 1230 Caecilii
1163 1165 1295 1231 Patres.

647 1515 837 1580 Beatissimo
860 1515 957 1580 Pater

261 1666 269 1686 “
325 1655 375 1718 Ad
406 1654 503 1736 pedes
527 1653 712 1719 Sanctitatis
737 1654 824 1720 Tuae
855 1655 1014 1737 provoluti
1043 1655 1204 1720 humiliter
1237 1660 1269 1720 et
1298 1656 1389 1721 enixe

86 1812 89 1819 ,
210 1744 427 1824 deprecamur
460 1747 497 1806 ut
530 1743 675 1824 quaestio
707 1742 747 1807 de
781 1741 976 1808 definitione
996 1741 1235 1807 lnfallibilitatis
1266 1742 1388 1809 Summi

219 1828 380 1895 Pontificis
405 1831 556 1910 tanquam
580 1830 738 1912 dogmatis
767 1828 841 1895 fidei
865 1829 1006 1896 Concilio
1030 1826 1181 1896 Vaticano
1205 1830 1292 1897 haud
1312 1849 1385 1914 pro-

217 1924 366 2000 ponatur.

325 2005 493 2071 Petitionis
509 2006 649 2070 rationes
672 2005 757 2071 inter
771 2005 878 2087 plures
902 2012 969 2070 tres
985 2011 1119 2086 tantum,
1142 2024 1225 2087 quae
1242 2002 1380 2070 sufficere

210 2093 376 2173 ¹videntur,
400 2094 559 2160 adducere
582 2093 685 2158 liceat.

324 2181 431 2245 Prima
447 2181 572 2262 quidem
596 2181 680 2262 quod
703 2181 857 2244 discussio
873 2182 1067 2261 quaestionis
1092 2181 1175 2245 clare
1194 2179 1386 2245 monstrabit

210 2269 375 2351 deiectum
397 2269 530 2346 unionis,
556 2274 588 2334 et
609 2269 800 2349 praesertim
822 2269 1049 2349 unanimitatis,
1072 2269 1154 2332 inter
1178 2267 1366 2350 Episcopos.

163 2367 165 2371 ’
326 2356 469 2421 Secunda
499 2374 574 2420 vero
598 2355 683 2436 quod
709 2356 742 2418 in
765 2356 1011 2421 circumstantiis
1044 2357 1076 2420 in
1099 2355 1213 2436 quibus
1235 2376 1295 2420 aas
1317 2373 1415 2420 ver-1

218 2462 327 2508 samur
349 2445 382 2506 in
405 2444 585 2524 regionibus
602 2442 656 2506 ubi
678 2442 829 2507 haereses
851 2462 914 2507 non
930 2444 1032 2508 solum
1054 2444 1182 2524 impune
1197 2449 1388 2523 grassantur

217 2533 276 2595 scd
300 2535 331 2595 et
354 2531 570 2608 dominantum
594 2528 735 2595 definitio
758 2531 874 2595 nedum
898 2531 1084 2610 attraheret,
1108 2550 1126 2596 e
1149 2537 1260 2596 contra
1283 2533 1386 2614 magis

210 2619 261 2682 ab
288 2617 431 2683 Ecclesia
464 2618 617 2682 alienaret
649 2636 702 2682 eos
732 2637 810 2699 quos
841 2620 927 2683 omni
955 2621 1067 2700 pretio,
1102 2620 1187 2684 omni
1218 2616 1385 2698 sacrificiu,

221 2705 347 2770 Christo
370 2704 554 2770 lucrifacere
576 2705 730 2769 volumus.

325 2793 435 2881 Tertia
458 2793 591 2875 denique
615 2795 707 2872 ratio,
743 2795 827 2874 quod
849 2794 1100 2860 interminabiles
1127 2794 1200 2858 inde
1223 2793 1299 2857 litas
1323 2793 1386 2858 ori·

218 2885 310 2944 turus
326 2882 555 2962 praevidemus,
581 2882 694 2961 quibus
711 2901 789 2963 opus
805 2881 970 2946 ministerii
985 2881 1228 2964 impediendum,
1254 2885 1287 2946 et
1304 2879 1386 2947 Gon·

211 2967 284 3032 cilii
310 2968 404 3051 hujus
432 2969 581 3033 Vaticani
611 2967 732 3034 fructus
765 2970 892 3034 omnino
923 2968 1029 3034 forsan
1064 2969 1266 3051 perimendos
1299 2971 1385 3051 apud

210 3056 409 3122 acatholicos
433 3058 591 3121 timemus.

325 3144 422 3209 Hisce
453 3144 625 3209 Sanctitati
659 3144 745 3208 Tuae
778 3147 900 3210 sincero
930 3144 1023 3209 corde
1055 3150 1088 3211 et
1121 3145 1174 3226 pia
1206 3145 1385 3209 intentione

218 3232 379 3313 expositis,
414 3233 517 3296 Deum
540 3231 798 3313 Omnipotentem
832 3250 999 3314 precamur
1022 3238 1057 3296 ut
1084 3250 1175 3297 omne
1198 3231 1319 3295 malum
1344 3232 1385 3297 ab

218 3318 360 3384 Ecclesia
384 3324 511 3384 avertat
533 3319 649 3400 Teque,
683 3320 871 3385 Beatissime
894 3320 997 3399 Pater,
1033 3321 1151 3386 Sancto
1182 3337 1239 3384 suo
1262 3317 1387 3401 Spiritu

210 3406 358 3471 >illustret
381 3413 415 3471 et
439 3408 564 3490 dirigat.

329 3530 447 3594 Datum
470 3532 588 3594 Romae
612 3529 662 3594 die
688 3535 737 3595 15.
761 3529 907 3594 ianuarii
932 3535 1024 3595 1870.

312 3669 400 3734 Huic
418 3670 634 3750 postulationi
657 3670 916 3750 subscripserant
936 3675 983 3733 27
1008 3668 1145 3735 Concidit
1168 3668 1295 3733 Patres.

646 4020 834 4084 Beatissimo
857 4019 955 4084 Pater

338 4159 522 4224 Audivimus
557 4158 750 4225 circumferri
784 4159 909 4223 litteras
942 4160 1027 4241 typis
1060 4159 1228 4221 mandatas
1267 4157 1381 4237 quibus

213 4246 342 4325 petitur
373 4254 409 4311 ut
442 4246 616 4312 Concilium
647 4247 889 4312 oecumenicum
926 4247 1056 4311 deliniat
1086 4253 1236 4325 tanquam
1269 4244 1380 4326 dogma

211 4350 401 4415 supremam
434 4336 567 4415 ideoque
590 4336 631 4399 ab
662 4353 770 4398 errore
793 4335 963 4399 immunem
986 4351 1056 4399 esse
1077 4332 1198 4398 Summi
1218 4329 1380 4397 Pontificio
