2872 4874
396 335 398 339 ι
523 316 562 362 nn
587 315 682 363 annus
704 315 892 363 modericus.
1251 304 1292 367 63

133 458 211 520 aimo
235 455 367 520 Domino
391 456 533 519 unanimi
568 464 642 519 roto
665 455 838 518 humillime
862 453 1067 533 postulamus,
1106 460 1140 518 ut
1163 457 1293 537 apertis,

139 545 235 608 claris.
271 560 457 624 omnemque
492 543 721 609 dubitationem
755 541 991 606 excludentibus
1024 542 1138 618 verbis,
1174 545 1294 609 Summi

138 609 298 708 Pontibus,
323 630 400 694 dnm
422 630 571 731 aliquid
563 650 596 694 ιιι
612 630 706 696 rebus
730 627 853 695 fideiet
839 637 998 694 tmorum
1013 631 1124 694 statuit
1147 638 1179 693 et
1202 650 1294 731 prae·

94 721 216 831 cipit
244 717 532 783 infallibilitatem
524 736 556 781 m
579 715 640 782 hac
662 715 760 782 Sacr'a
783 717 994 783 Oecumenica
1017 717 1143 797 Synodo
1168 720 1293 783 sancire

94 786 168 884 'ct
187 804 316 871 definire
340 806 498 886 dignetur
555 805 717 882 Rationes,
747 823 829 886 quae
852 822 910 868 nos
932 804 1100 886 impellunt
1121 805 1162 870 ad
1184 812 1293 887 postu-

94 842 97 947 ι
141 894 255 959 lundam
279 893 460 975 huiusmodi
490 892 711 958 definitionem
742 893 775 956 in
798 892 888 969 foliis
918 910 999 972 quae
1022 893 1156 974 sapienti
1176 893 1293 973 judicio

140 981 245 1047 Sacrae
279 979 463 1047 Pontificiae
492 979 764 1062 Gougregationis
800 981 850 1045 cui
881 978 1138 1046 Eminentissime
1161 981 1294 1046 Domine

140 1087 249 1151 praees,
273 1069 497 1136 submittimus.
524 1069 661 1133 breviter
684 1069 844 1149 expositae
867 1068 1080 1133 inveniuntur.

233 1155 353 1222 Multos
376 1175 394 1221 e
417 1156 565 1221 Patribus
589 1154 727 1234 Consilii,
759 1157 813 1235 qui
836 1157 962 1220 uomina
984 1172 1042 1220 sua
1070 1157 1216 1239 precibus
1239 1175 1295 1222 no·

135 1246 212 1323 aris,
235 1244 449 1325 peculiaribus
464 1244 568 1309 causis
584 1243 714 1321 detenti
739 1261 800 1307 non
816 1250 1040 1324 apposuerunt,
1061 1262 1123 1308 non
1138 1263 1176 1309 eo
1192 1245 1294 1309 minus

139 1332 345 1398 definitionem
374 1332 467 1414 hujus
498 1333 599 1413 partis
629 1332 793 1397 doctrinae
821 1329 996 1396 catholicae
1017 1333 1050 1396 in
1074 1332 1156 1397 rotis
1178 1333 1295 1401 habere

133 1425 327 1502 compertum
359 1419 450 1485 nobis
473 1427 538 1496 est3
572 1419 627 1484 alii
656 1438 739 1494 vero,
775 1419 829 1498 qui
851 1420 1042 1483 sententiam
1071 1438 1161 1484 suam
1185 1428 1296 1484 contra

136 1508 401 1590 opportunitatem
418 1507 608 1573 delinitionis
624 1508 803 1587 praedictae
815 1505 932 1587 publici
940 1507 1022 1588 juris
1037 1505 1190 1586 fecerunt,
1214 1510 1295 1573 veri·
1344 1580 1348 1590 Ι

137 1602 229 1661 tatem
252 1596 357 1677 ipsam
382 1613 580 1676 nequaquam
605 1598 637 1658 in
660 1595 790 1660 dubium
813 1612 925 1658 vocare
950 1595 1020 1658 ausi
1044 1603 1133 1675 sunt3
1170 1594 1252 1659 unde
1276 1614 1296 1659 a

136 1683 197 1750 Deo
216 1683 339 1748 factum
370 1701 440 1747 ease
462 1683 595 1759 videtur,
630 1683 809 1763 quodcum
840 1682 1005 1746 unanimes
1036 1683 1101 1747 siut
1133 1684 1295 1749 nobiscum

139 1771 211 1836 circa
231 1771 281 1835 rei
304 1770 524 1849 substantiam,
550 1788 747 1835 communem
770 1771 866 1834 etiam
882 1770 1045 1834 nobiscum
1068 1772 1152 1835 nacti
1168 1771 1233 1834 siut
1256 1772 1295 1835 de

136 1859 371 1940 opportunitate
387 1860 592 1935 seutentiam
615 1876 672 1922 nos
689 1859 771 1923 enim
787 1858 907 1938 pariter
929 1875 993 1921 non
1008 1863 1220 1938 opportunam
1243 1859 1296 1922 de-

144 1944 306 2012 fnitionem
322 1964 393 2011 esse
413 1947 600 2028 judicamus,
624 1946 680 2010 sed
704 1947 788 2009 omni
803 1947 862 2011 sub
885 1951 1031 2026 respectu
1047 1944 1296 2011 ineluctabiliter

148 2051 354 2100 recessarram.

232 2121 371 2187 Placeat
385 2122 494 2201 itaque
507 2122 706 2186 Eminentiae
719 2121 853 2185 Vestrae
869 2119 1170 2191 Reverendissimae.
1182 2138 1294 2201 preces

140 2205 182 2274 las
202 2216 337 2274 nostras
360 2209 497 2290 benigne
525 2210 678 2289 excipere,
703 2215 798 2289 atque
823 2214 899 2272 uta
923 2208 1130 2273 Sacrosancto
1153 2206 1294 2272 Concilio

141 2294 283 2362 Vaticano
308 2296 453 2361 doctrina
476 2297 514 2362 de
537 2295 672 2361 Romani
695 2296 857 2360 Pontificis
880 2293 1105 2361 infallibilitate
1133 2296 1295 2360 sanciatur

128 2390 160 2448 et
179 2384 366 2462 definiatur,
391 2402 411 2448 a
434 2383 609 2449 Sanctitate
634 2383 698 2448 Sua
720 2386 900 2464 impetrare.

227 2474 357 2537 Datum
379 2471 499 2537 Romae
520 2472 572 2536 die
596 2476 647 2536 28.
670 2471 815 2536 Januarii
839 2476 935 2536 1870.

560 2611 716 2676 Antonius
740 2611 853 2676 Petrus
877 2611 930 2676 Ill.
954 2611 1082 2676 Hassuu

501 2698 689 2765 Patriarcha
712 2697 887 2764 Ciliciensis
911 2701 1131 2765 Armenorum.

295 2837 478 2905 Miecislaus
501 2839 729 2904 Ledochowski
751 2839 898 2920 Archiep.
922 2838 1081 2904 Gnesnen.
1104 2846 1137 2905 et
1159 2839 1294 2905 Posnan.

636 2926 787 2991 Polouiae
810 2926 943 3001 Primae.

263 3395 399 3462 SAORO
422 3396 619 3462 OONOILIO
643 3396 921 3464 OECUMENIOO
945 3396 1165 3464 VATICANO.

288 3555 316 3618 Α
338 3553 437 3618 Sacra
459 3553 671 3620 Oecumenica
692 3555 818 3637 Synodo
841 3555 997 3620 Vaticana
1019 3555 1214 3637 infrascripti
1234 3556 1294 3620 Pa-

340 3650 406 3706 tres
441 3641 616 3707 humillime
651 3645 869 3724 instanterque
903 3641 1057 3724 flagitant
1094 3651 1130 3708 ut
1163 3643 1292 3724 apertis,

342 3747 527 3810 omnemque
563 3730 730 3795 dubitandi
768 3731 872 3795 locum
912 3730 1149 3796 excludentibus
1188 3731 1293 3794 verbis

342 3818 465 3881 sancire
494 3817 572 3882 velit
603 3836 793 3899 supremam,
828 3818 960 3900 ideoque
992 3818 1031 3882 ab
1054 3836 1160 3883 errore
1181 3820 1294 3881 immu-

342 3923 415 3969 nem
444 3922 514 3970 esse
542 3905 677 3970 Romani
702 3903 862 3970 Pontificia
885 3908 1118 3986 auctoritatem,
1142 3924 1238 3985 quum
1261 3908 1294 3970 in
1381 3980 1383 3986 y

343 3993 438 4056 rebus
462 3990 536 4056 fidei
560 3999 593 4056 et
616 4012 738 4057 morum
761 4012 799 4056 ea
822 3996 936 4058 statuit
959 4013 996 4058 ac
1018 3994 1178 4074 praecipit,
1213 4011 1293 4074 quae

342 4080 382 4145 ab
415 4079 560 4145 omnibus
589 4079 851 4146 Christifidelibus
887 4080 1044 4146 credenda
1079 4085 1112 4144 et
1144 4081 1291 4160 tenenda,

342 4185 459 4248 quaeve
483 4168 651 4249 rejicienda
673 4174 706 4232 et
730 4168 909 4233 damnanda
932 4170 1005 4232 sint.

295 4305 386 4372 Huic
402 4308 617 4389 postulationi
639 4309 896 4390 consepserant
918 4311 981 4372 369
1006 4305 1141 4374 Ooactttt
1164 4309 1292 4376 Patras.
