2872 4874
220 325 281 387 108
727 333 895 382 rossunsrn

323 477 377 542 IV.
413 473 474 540 Pro
496 474 550 556 pia
565 475 725 540 sententia
748 472 937 555 gravissima
959 490 1083 555 quoque
1099 473 1280 556 theologica
1301 471 1385 539 mili·

216 568 289 631 tant
310 566 479 643 momenta,
512 580 594 645 quae
626 579 739 643 nempe
770 580 790 627 a
813 559 927 626 Divina
948 560 1148 642 potissimum
1175 560 1386 628 Maternitate

218 652 436 717 desumuntur.
482 647 516 715 Si
539 649 624 715 enim
647 647 767 714 Christi
790 666 865 715 earo
887 666 961 715 caro
983 648 1104 715 Mariae
1125 655 1184 729 est,
1208 654 1304 731 prout
1327 648 1383 716 ille

217 739 450 820 corruptionem
478 737 606 802 minime
636 737 728 818 vidit,
762 737 809 802 ita
838 739 870 802 et
897 738 971 801 ista.
1020 737 1228 804 Immaculata
1249 738 1390 821 insuper

208 825 388 910 'Gonoeptio
423 824 485 890 hue
519 825 615 890 etiam
646 824 845 906 potissimum
880 828 1012 906 spectat
1068 823 1102 890 Si
1135 825 1221 890 enim
1255 843 1277 890 a
1308 824 1384 892 lube

216 915 339 998 peccati
360 911 420 978 hrit
435 912 598 990 immunis,'
613 912 662 979 ita
683 911 779 977 etism
801 911 841 977 ab
857 911 998 994 eiusdem
1021 913 1145 994 peceati
1160 931 1273 995 poena,
1298 912 1385 979 ideo-

217 1010 279 1087 que
302 1021 321 1066 a
344 998 545 1081 corruptione
570 999 673 1066 carnis
696 999 843 1066 immunis
859 1015 929 1065 esse
953 998 1072 1067 debuit.
1112 999 1222 1066 Multis
1245 1000 1384 1083 denique

216 1088 287 1157 aliis
309 1087 434 1155 omissis
458 1088 664 1170 argumentis,
688 1105 760 1153 cum
781 1084 837 1152 SS.
854 1086 1169 1170 Virgo-Angelorum
1191 1088 1233 1153 sit
1248 1088 1384 1171 Regina,

216 1177 423 1263 incongruum
446 1180 532 1241 esset
549 1173 716 1258 Angelicos
739 1173 875 1259 Spiritus
897 1175 1076 1257 inproprie
1098 1181 1215 1241 natura
1237 1174 1384 1259 perlecto

217 1263 333 1332 Divina
364 1262 492 1328 Visione
526 1260 604 1343 frui,
641 1280 750 1328 eorum
780 1266 886 1328 autem
915 1261 1072 1346 Reginam
1105 1262 1147 1329 ad
1174 1264 1383 1330 novissimum

216 1369 317 1434 usque
336 1349 448 1434 judicii
470 1349 552 1416 diem
574 1351 732 1434 integram
755 1354 924 1433 expectare
948 1349 1008 1417 Dei
1030 1351 1193 1420 visionem.

335 1558 500 1625 Momeutu
517 1577 581 1643 pro
603 1558 769 1625 tuoocctue
793 1558 991 1639 definitionis
1013 1559 1265 1641 opportunitate.
1326 1535 1332 1543 ’

322 1700 347 1768 Ι.
380 1699 549 1765 Revelatas
577 1698 761 1765 solemniter
790 1699 994 1764 manifestare
1024 1700 1177 1766 veritates
1206 1718 1381 1783 peroppor-

215 1792 328 1853 tunum
357 1805 483 1872 semper
513 1792 571 1854 est.
624 1787 678 1852 Ait
706 1787 791 1852 enim
824 1785 986 1853 Christus:
1021 1787 1105 1870 quod
1136 1787 1207 1852 dico
1234 1788 1326 1853 vohis
1345 1789 1382 1854 iu

215 1874 353 1942 tenebris
377 1875 568 1956 praedicate
602 1894 701 1954 super
729 1880 820 1940 tecto.
874 1872 924 1939 Et¹
951 1892 1027 1939 sane
1060 1874 1197 1956 aliquam
1229 1875 1381 1958 implicite

216 1962 388 2028 revelatam
423 1964 588 2028 veritatem
610 1967 720 2043 aperte
749 1962 934 2043 praedicare
957 1968 1006 2028 est
1036 1980 1162 2043 semper
1184 1963 1380 2030 recensvic·

217 2051 314 2131 toris,
348 2047 484 2132 fideique
518 2050 644 2132 imperii
678 2050 819 2128 extensio
854 2050 1005 2116 adversus
1036 2050 1290 2118 rationaiismum
1318 2049 1377 2116 hac

216 2146 327 2207 nostra
350 2143 455 2204 aetate
476 2142 542 2202 tam
564 2138 660 2220 impie
681 2142 892 2219 grassantem.

321 2226 362 2291 Il.
393 2225 569 2291 Tenerrimi
599 2225 693 2307 hujus
723 2225 934 2308 promulgatio
965 2224 1122 2306 dogmatis
1149 2231 1262 2308 aperta
1296 2230 1378 2292 esset
1426 2296 1428 2301 ,

217 2314 402 2381 Divinitatis
426 2312 464 2379 D.
493 2312 531 2379 N.
554 2313 583 2380 J.
608 2312 643 2379 0.
667 2313 836 2392 confessi03
866 2313 923 2377 tali
947 2313 1029 2379 enim
1061 2311 1227 2395 privilegio
1257 2313 1379 2379 divinae

217 2400 433 2471 Maternitatis
465 2400 582 2465 intuitu
612 2399 752 2481 Deipara
783 2399 843 2466 fuit
874 2401 1091 2481 condecorata,
1128 2401 1283 2482 adeoque·
1304 2400 1380 2466 diris

215 2488 447 2557 deponerentur
476 2505 614 2567 errores,
650 2488 704 2569 qui
726 2493 836 2554 nostro
866 2506 991 2570 quoque
1014 2506 1091 2553 aevo
1115 2485 1233 2553 Christi
1257 2488 1381 2554 Divini-

216 2582 319 2645 tatem
342 2582 409 2641 tam
431 2574 586 2658 sacrilege
607 2575 773 2656 impetunt.

322 2663 378 2728 111.
413 2660 553 2745 Cumque
578 2661 617 2728 de
647 2662 750 2729 Beata
775 2663 902 2746 Virgine
925 2668 1019 2729 canat
1042 2661 1209 2728 Ecclesia:
1241 2661 1381 2728 Ouuctcs
1418 2686 1421 2699 ¹

217 2749 368 2817 haereses
389 2749 458 2815 scio
479 2751 671 2816 interemisti
700 2752 736 2816 iu
758 2752 906 2816 uniuerso
928 2749 1062 2829 muud0;
1095 2751 1277 2833 dogmatica
1300 2750 1383 2832 ejus·

217 2838 302 2905 modi
336 2836 475 2904 definitio
509 2839 585 2920 quin
619 2843 704 2904 esset
736 2837 906 2904 haereticis
937 2855 1016 2904 ensa
1052 2839 1086 2903 in
1119 2837 1242 2904 haeresi
1276 2840 1383 2904 insur-

216 2926 381 3006 descendi‚
416 2944 472 2991 eos
493 2926 527 2990 in
556 2924 638 2992 ovile
661 2927 766 3008 potius
801 2924 920 2992 Christi
953 2944 1011 3008 per
1049 2942 1118 2992 eam
1148 2927 1316 2991 reductum
1346 2926 1386 2991 iri

216 3014 417 3097 sperandum.

283 3169 285 3173 ,
323 3101 377 3168 IV.
411 3098 524 3166 Suavis
554 3100 634 3167 haec
665 3100 840 3168 decretatio
871 3099 1133 3177 esset-sensibile
1156 3105 1386 3183 argumentum

217 3187 344 3256 articuli
381 3186 455 3255 fidei
487 3185 587 3254 eredo
618 3189 726 3254 curuis
755 3189 1028 3257 resurrectionem.
1084 3186 1178 3253 Claro
1209 3188 1292 3254 enim
1324 3187 1385 3254 hoc

216 3276 357 3343 facinore
391 3274 636 3357 Materialismo,
682 3294 742 3341 nec
776 3295 839 3341 uon
872 3273 1145 3355 Indifferentismo‚
1185 3274 1386 3341 senientibus

217 3369 397 3447 temporum
430 3367 611 3429 nostrorum
643 3362 759 3446 plagis,
799 3363 1004 3429 ostracismus
1042 3364 1182 3428 daretur.
1238 3361 1387 3429 Ecclesia

218 3453 304 3519 enim
326 3451 470 3517 exaltans
494 3450 585 3533 quasi
608 3452 686 3516 tuba
701 3469 810 3518 vocem
833 3469 925 3516 suam
947 3449 1057 3516 lethali
1086 3450 1244 3533 depressis
1267 3467 1386 3531 sopore

219 3539 389 3607 clamaret:
414 3536 550 3604 Sursum
573 3538 680 3603 corde.

324 3626 363 3691 V.
398 3625 627 3691 Lucentlssima
650 3625 709 3690 hac
731 3644 813 3691 nova
840 3625 971 3692 aureola
993 3625 1099 3708 cyclus
1122 3624 1244 3691 Mariae
1266 3624 1386 3706 gloria·

218 3728 289 3780 rum
311 3714 345 3779 in
367 3713 428 3779 hac
450 3712 670 3796 Hierosolyma
692 3714 846 3778 militante
872 3711 1084 3779 clauderetur.

324 3800 377 3868 VI.
415 3799 494 3866 Cum
517 3802 567 3866 lex
582 3800 830 3884 supplicantium
852 3801 895 3865 sit
910 3800 961 3866 lex
984 3800 1195 3878 credentium
1217 3805 1386 3881 pastorum

219 3892 254 3956 ct
276 3906 407 3972 gregum
429 3893 504 3955 vota
526 3887 608 3954 hono
635 3888 806 3955 solemnem
830 3888 1077 3954 decretationem
1100 3886 1320 3970 expostulent3
1353 3892 1387 3955 et

218 3976 279 4042 hac
301 3994 398 4042 cause
429 3974 502 4042 fidei
524 3977 672 4041 meritum
697 3981 881 4058 augeretur,
919 3995 958 4042 11
981 3973 1043 4042 fide
1066 3977 1163 4056 enim,
1193 3973 1278 4057 quod
1300 3993 1387 4042 nunc

219 4083 258 4131 ex
279 4065 407 4148 pietate,
432 4064 583 4129 divinitus
606 4070 776 4129 teneretur.

324 4152 392 4219 VH.
428 4150 604 4218 Concilium
618 4150 809 4217 Vaticanum
824 4151 850 4216 Ι.
870 4151 929 4218 sub
953 4150 1102 4233 auspiciis
1117 4148 1228 4215 Minae
1244 4150 1387 4233 Virginis

218 4239 259 4306 ab
281 4239 367 4307 omni
389 4238 462 4305 labe
496 4238 643 4304 immunis
666 4238 858 4319 inchoatum,
895 4239 969 4303 dum
991 4237 1186 4303 luculentum
1209 4255 1287 4319 erga
1312 4236 1387 4305 Dei·

218 4345 330 4409 param
363 4327 493 4409 pietatis
524 4332 766 4392 'monumentum
801 4331 949 4408 poneret,
980 4326 1022 4392 ad
1049 4324 1261 4391 desideratam
1284 4338 1387 4409 usque
