2872 4874
222 316 283 377 114
726 327 898 376 rosrnnrm

219 470 370 551 auspiciis
400 468 512 535 Almae
541 468 665 534 Mariae
691 469 828 551 Virginis
858 469 900 534 ab
929 469 1015 534 omni
1041 469 1114 534 labe
1145 470 1297 553 originali
1330 470 1393 535 im-

219 557 324 625 munis
345 563 411 625 tarn
433 556 539 623 felicia
561 556 692 622 exordia
706 555 855 633 habuere,
871 557 947 638 Ipsa
967 561 1164 639 protegente,
1187 559 1392 640 interemptis

219 645 342 711 cunctis
364 645 559 724 haeresibus
584 643 626 709 ad
642 643 857 709 desideratam
879 662 979 726 usque
998 651 1118 711 metam
1133 664 1228 726 quarn
1251 646 1394 727 primum

220 739 254 799 et
272 732 410 804 ¹feliciter
431 732 498 799 iore
520 737 723 815 perventura.

259 871 348 938 Huic
365 871 582 953 postulationi
604 870 866 951 subscripserant
889 871 1028 953 qaiapae
1054 869 1190 938 Caecilii
1213 870 1347 938 Patres.

327 1201 408 1267 Cum
431 1203 514 1266 inter
537 1220 584 1282 ea,
609 1220 691 1282 quae
713 1203 901 1267 universalis
923 1201 1068 1269 Ecclesia
1090 1203 1249 1269 credenda
1266 1222 1394 1287 semper

220 1291 362 1371 retinuit,
385 1309 423 1356 ac
445 1287 566 1355 Christi
588 1286 698 1354 fideles
722 1291 859 1354 maxima
882 1290 1050 1356 devotione
1072 1294 1215 1356 venerati
1239 1297 1327 1374 sunt,
1354 1295 1393 1358 sit

219 1378 299 1444 illud
321 1377 414 1443 finale
437 1378 639 1459 privilegium
653 1378 861 1442 Beatissimae
877 1378 1019 1459 Virginis
1042 1379 1157 1443 Matris
1173 1379 1234 1444 Dei
1254 1380 1391 1467 Mariae,

221 1486 259 1532 ex
281 1484 343 1548 quo
368 1465 515 1547 creditur,
544 1466 637 1546 quod,
671 1467 754 1531 sicut
777 1484 796 1547 a
820 1465 904 1544 Deo,
938 1467 992 1548 qui
1021 1466 1134 1532 Eidem
1165 1466 1240 1532 fecit
1264 1487 1391 1551 magna,

220 1553 380 1621 custodita
409 1553 470 1618 tuit
502 1572 522 1618 a
552 1554 757 1635 corruptione
785 1553 910 1634 peccati
942 1555 975 1617 in
1004 1553 1073 1634 ipso
1097 1572 1155 1620 suo
1186 1557 1325 1620 introitu
1353 1557 1392 1622 ad

220 1643 335 1722 vitam,
366 1642 412 1707 sic
443 1647 476 1706 et
508 1639 647 1706 infelici
674 1641 794 1705 suade
825 1640 943 1706 mundo
972 1641 1072 1721 exitu,
1105 1643 1145 1707 ob
1177 1645 1392 1710 reverentiam

184 1753 187 1759 ²
221 1729 382 1812 virgineae
416 1727 537 1808 111111,
572 1747 609 1794 ex
632 1746 696 1809 qua
731 1729 817 1793 Deus
847 1730 915 1809 ipse
938 1747 1065 1794 carnem
1097 1732 1248 1812 sumpsit,
1282 1750 1392 1798 acor·

220 1819 368 1900 ruptione
399 1818 539 1898 corporis
573 1822 733 1881 servatam
766 1817 953 1896 immunem,
988 1818 1064 1898 quin
1098 1824 1206 1883 tamen
1241 1818 1388 1887 Ecclesia

219 1902 345 1971 Docens
368 1904 428 1970 hoc
451 1905 490 1968 de
513 1902 576 1969 fide
599 1901 771 1985 definierit3
803 1903 996 1986 infrascripti
1024 1904 1112 1969 Sacri
1135 1907 1286 1972 Vaticani
1310 1907 1388 1972 Con·
1429 1906 1433 1913 '

222 1990 286 2059 cilii
308 1993 433 2073 Patres,
450 1992 492 2056 ad
515 1994 669 2075 majorem
686 1993 747 2057 Dei
769 1991 987 2074 Deiparaeque
1014 1992 1156 2073 gloriam,
1180 1995 1221 2058 ad
1243 1996 1388 2061 meritum

221 2086 254 2147 et
277 2079 462 2146 firmitatem
477 2077 559 2159 fidei,
584 2080 626 2144 ad
648 2078 789 2145 fidelium
805 2080 1063 2160 consolationem,
1088 2081 1291 2148 devotissime
1305 2080 1388 2149 effla·

183 2214 185 2218 -
222 2170 339 2252 gitant,
379 2175 415 2233 ut
448 2168 487 2232 de
523 2167 668 2233 doctrina
702 2185 873 2248 corporeae
908 2168 1047 2249 Virginis
1084 2169 1320 2251 Assumptionis
1356 2171 1385 2236 in

222 2257 346 2322 coelum
374 2257 408 2320 in
436 2255 521 2320 dicto
552 2254 650 2320 Sacro
684 2253 822 2319 Concilio
855 2255 1081 2336 pertractetur,
1114 2275 1151 2322 ac
1181 2258 1282 2341 (quod
1306 2259 1388 2325 Dens

223 2343 390 2426 concedat)
427 2345 454 2407 si
480 2343 543 2422 ipsi
572 2342 741 2421 videbitur,
779 2343 957 2424 dogmatice
991 2344 1156 2415 declarare
1186 2363 1224 2410 ac
1261 2345 1391 2412 definire

223 2432 386 2514 dignetur,
422 2429 557 2494 Mariam
584 2430 748 2512 Virginem
779 2429 1017 2495 sanctissimam
1049 2451 1182 2515 corpore
1214 2438 1248 2498 et
1277 2435 1390 2514 anima,

222 2518 264 2584 ad
286 2518 526 2584 similitudinem
548 2516 622 2582 Filii
646 2519 703 2581 Sui
726 2517 900 2583 Salvatoris
924 2517 1047 2599 Nostri,
1078 2521 1112 2584 in
1136 2520 1231 2586 coelis
1256 2523 1393 2605 gloriose

222 2625 369 2688 regnare.

326 2745 413 2810 Huic
428 2743 644 2824 postulationi
666 2746 925 2828 subscripserant
948 2753 969 2812 7
995 2747 1131 2814 Caecilii
1154 2747 1284 2813 Patres.

700 2958 914 2967 -η-η-ι

508 3127 758 3195 PROPOSITIO
782 3130 839 3194 AD
863 3129 1108 3196 CONCILIUM.

329 3267 506 3350 Episcopus
542 3267 729 3336 Giennensis
761 3271 794 3335 in
828 3271 980 3351 Hispania
1011 3272 1092 3352 petit
1125 3291 1145 3337 a
1180 3271 1321 3339 Concilio
1357 3281 1397 3340 ut

223 3361 386 3436 tamquam
418 3358 534 3439 dogma
567 3355 642 3422 fidei
671 3358 864 3437 declaretur,
900 3358 950 3423 vel
973 3359 1079 3439 potius
1110 3359 1304 3426 acclametur
1328 3362 1397 3429 As-

223 3445 363 3525 samptio
385 3443 511 3509 Beatae
533 3445 665 3510 Mariae
696 3445 843 3526 Virpiais
864 3446 901 3508 ia
925 3444 1059 3511 Caelata.

328 3530 503 3596 indicanda
525 3540 562 3598 ut
584 3538 695 3613 postea
717 3533 814 3598 verbo
838 3533 1042 3614 explicentur.

334 3625 361 3684 1.
396 3621 520 3700 Dogma
555 3618 629 3686 fidei
663 3625 712 3684 est
746 3619 918 3701 Conceptio
955 3621 1157 3686 immaculata
1189 3623 1226 3686 B.
1261 3621 1305 3688 M.
1340 3622 1397 3704 V.;

224 3707 339 3787 dogma
361 3703 436 3770 fidei
459 3714 585 3788 oportet
608 3725 678 3772 esse
706 3708 849 3790 ejusdem
872 3709 909 3772 Β.
933 3709 976 3774 Μ.
1000 3709 1038 3775 V.
1062 3709 1255 3790 Assumptio.

331 3798 361 3858 2.
396 3796 524 3860 Peccati
543 3795 735 3878 stipendium
759 3814 853 3860 mors.
889 3796 977 3874 Quae
1000 3816 1062 3862 non
1077 3799 1230 3878 peccavit,
1253 3814 1398 3878 poenam

224 3883 346 3964 peccati
369 3900 432 3947 non
454 3883 557 3963 potuit
579 3881 673 3946 ferre.
719 3883 834 3950 Decuit
855 3885 888 3948 in
911 3884 1036 3949 coelum
1057 3885 1195 3966 gloriose
1218 3887 1371 3952 transire.

275 4040 277 4044 ,
331 3975 361 4033 3.
396 3969 484 4035 Sicut
506 3970 682 4051 praemium
705 3970 912 4036 immunitatis
936 3978 986 4036 est
1008 3970 1195 4054 glorificatio
1219 3973 1398 4057 desumpta

223 4075 262 4122 ex
284 4057 392 4122 radice
415 4056 682 4137 sanctificationis
706 4059 753 4122 ita
775 4066 808 4124 et
830 4060 1030 4142 triumphalis
1047 4078 1163 4126 corona
1187 4060 1296 4126 debuit
1322 4080 1396 4128 esse

222 4145 256 4209 in
279 4145 317 4208 B.
340 4143 383 4208 M.
407 4144 444 4208 V.
468 4145 651 4224 assumptio
674 4145 879 4226 singulariter
901 4147 1050 4229 gloriosa.

328 4237 359 4298 4.
394 4231 524 4296 Festum
547 4250 610 4313 quo
627 4232 805 4298 celebratur
827 4235 1010 4316 Assumptio
1027 4237 1063 4301 B.
1088 4234 1131 4302 M.
1148 4236 1187 4303 V.
1210 4236 1243 4299 in
1267 4235 1394 4304 coelum

223 4318 371 4384 solemnis
394 4319 549 4400 quaedam
572 4317 728 4401 professio
760 4326 809 4386 est
830 4321 904 4388 fidei
926 4322 1036 4404 populi
1058 4322 1231 4404 christiam,
1254 4323 1395 4408 ideoque
