2872 4874
592 146 633 192 ua
656 145 835 195 ursciemur.
1237 134 1297 193 137

160 286 267 364 laribus,
289 302 383 349 sacro
417 284 476 351 hoc
497 284 696 367 approbante
726 284 881 364 Concilio,
914 285 1067 367 imprimis
1100 286 1297 366 mandamus,

160 374 334 438 utDecreta
355 371 483 451 eadem,
514 380 549 437 ct
571 372 698 453 singula
724 373 757 436 iu
781 374 827 438 eis
849 378 1013 449 contenta,
1049 391 1130 454 quaa
1152 382 1224 439 rata
1246 372 1299 439 fir·

158 477 249 541 nuque
270 477 404 524 manere
426 460 541 525 debere
574 459 790 538 declaramus,
820 480 840 524 a
864 461 1007 542 personis
1035 468 1069 525 et
1091 463 1122 525 in
1146 461 1299 527 Ecclesiis

157 547 200 615 sibi
219 547 371 628 subjectis
393 548 520 613 omuino
547 550 669 613 servari
692 547 818 612 iaciant
864 547 907 612 Et
937 567 997 629 quo
1021 550 1127 629 aptius
1149 550 1303 630 imposito

156 635 199 701 sibi
218 635 277 700 hoc
299 653 431 699 munere
447 634 576 717 defungi
599 636 734 715 valeant,
757 636 964 714 decernimus,
989 644 1024 699 ut
1047 641 1086 701 de
1106 636 1298 717 simplicibus

155 721 311 802 bneficiis,
336 721 536 803 Capelianiis
571 724 697 803 tegatis
720 725 793 804 pila,
819 723 1050 805 Missurumque
1074 725 1221 789 oneribus
1243 725 1298 789 iis·

156 811 208 875 dem
226 810 475 887 inhaerentibus,
500 809 603 875 fundis
627 813 806 890 assignatio,
832 811 1000 889 reditibuS,
1026 811 1300 877 administratione

155 899 388 980 descriptionem,
412 899 511 963 sicubi
526 899 626 976 deest,
650 899 819 980 diligenter
834 897 1059 964 conficiendam
1075 907 1195 978 curent,
1218 919 1301 980 quae

154 985 245 1051 ordine
276 986 433 1066 disposita
465 988 498 1049 in
538 984 651 1051 Curiae
680 987 837 1052 tabulario
878 987 1083 1061 adservatum
1111 988 1300 1069 eosdemque

154 1079 306 1155 praeterea
329 1074 502 1152 hortamur,
529 1080 563 1138 ut
585 1074 715 1140 idoneos
738 1074 861 1154 aliquos
878 1075 1109 1140 ecclesiasticos
1132 1077 1216 1140 viros
1239 1075 1300 1141 sibi

155 1161 330 1240 admiscent,
355 1181 489 1242 quorum
520 1181 618 1243 opera
650 1161 864 1243 praefatorum
887 1164 1095 1228 Decretorum
1123 1165 1302 1229 executioni

153 1247 252 1332 jugiter
276 1250 475 1331 provideant.

240 1336 333 1414 Quod
367 1339 394 1401 si
424 1337 637 1417 comperiatur
670 1339 702 1401 in
737 1337 843 1418 aliqua
875 1336 1019 1402 Ecclesia
1049 1345 1114 1402 tam
1150 1357 1299 1420 uragnum

154 1423 305 1488 Missurum
336 1424 597 1489 celebrandarum
628 1444 792 1489 numerum
824 1444 862 1490 ex
884 1426 979 1490 variis
1010 1425 1228 1491 defunctorum
1251 1446 1301 1492 re·

154 1509 218 1576 lictis
240 1513 424 1593 impositum
446 1531 525 1587 esse,
548 1520 584 1576 nt
606 1512 669 1577 illis
692 1532 748 1595 pro
769 1512 901 1594 singulis
924 1513 1035 1577 diebus
1060 1515 1300 1580 atestatoribus

102 1668 104 1679 ,
154 1602 340 1682 praescriptis
363 1607 501 1680 nequeat
523 1598 683 1680 satisfieri,
706 1602 755 1666 vel
780 1602 1014 1681 eleemosynam
1037 1600 1216 1683 hujusmodi
1239 1621 1297 1683 pro

102 1694 105 1705 “
155 1684 200 1751 ilis
220 1687 419 1752 celebrandis
442 1689 521 1752 adeo
545 1695 672 1753 tenuem
688 1707 768 1766 esse,
793 1694 829 1752 ut
852 1707 915 1757 non
930 1688 1023 1753 facile
1043 1689 1221 1754 inveniatur
1246 1691 1300 1772 qui

155 1773 213 1839 relit
226 1774 301 1840 huic
317 1794 352 1840 se
368 1777 491 1840 muneri
506 1777 669 1856 subjicere,
694 1778 906 1858 permittimus
924 1783 959 1841 ut
975 1776 1123 1858 Episcopi
1147 1778 1298 1858 inprime

157 1857 260 1944 lynodo
292 1864 482 1928 dioecesana
509 1872 582 1945 post
611 1864 693 1929 hauc
722 1865 954 1930 oecumenicam
976 1864 1137 1942 habenda,
1160 1866 1299 1945 itemque

157 1946 280 2014 ibbates
306 1957 341 2015 et
364 1950 537 2015 Generalcs
566 1949 720 2016 Ordinum
747 1952 779 2016 in
815 1953 880 2016 suis
909 1950 1063 2034 Capitulis
1098 1952 1305 2032 generalibus-

155 2039 277 2115 proxime
299 2040 420 2121 pariter
434 2045 507 2118 post
521 2039 654 2103 eandem
670 2041 903 2105 oecumenicam
919 2038 1079 2122 Synodum
1103 2039 1299 2105 celebrandis

155 2127 259 2202 panni
287 2126 401 2191 iisdem
430 2127 479 2191 uti
509 2125 712 2193 facultatibus
742 2145 822 2208 quas
848 2126 1066 2192 Tridentinurn
1094 2125 1304 2210 Concilium1)¹

155 2210 349 2278 insimilibus
379 2232 486 2278 rerum
516 2213 673 2293 adjunctis
696 2217 740 2280 eis
770 2215 934 2281 attribuit:
963 2215 1131 2281 contrariis
1159 2233 1224 2280 nou
1245 2215 1302 2280 ob·

155 2301 296 2365 annuam
319 2301 576 2383 quibuscumque.

242 2389 285 2452 Et
308 2407 380 2452 curn
408 2390 542 2454 maxime
564 2390 690 2455 intersit
712 2396 748 2454 ut
771 2409 834 2455 non
855 2390 1052 2472 recipiantur
1079 2390 1303 2472 eleemosynae

156 2477 300 2541 manuales
329 2482 363 2540 et
389 2477 592 2557 quotidianae
624 2496 682 2559 pro
715 2477 819 2542 Missis
846 2496 927 2558 quae
955 2478 1041 2541 iutra
1067 2478 1299 2558 praescriptum

154 2567 196 2625 ut
222 2565 380 2629 modicum
411 2571 535 2645 tempus
568 2573 729 2645 nequeant
758 2565 924 2644 celebrari,
960 2570 1128 2645 propterea
1149 2564 1297 2647 Episcopi

152 2645 252 2730 diique
276 2651 431 2731 Praelati,
461 2653 554 2734 iuxta
577 2653 807 2719 ordinationem
838 2652 898 2718 hac
925 2651 965 2716 de
987 2671 1022 2717 re
1045 2654 1078 2717 in
1099 2654 1212 2717 iisdem
1234 2654 1299 2719 De·

152 2740 232 2802 cretis
257 2756 449 2818 expressam,
472 2740 581 2806 sedulo
604 2741 778 2823 advigilent
801 2748 837 2804 ut
858 2739 1057 2821 Superiores,
1083 2741 1242 2819 Rectores,
1268 2747 1300 2805 et

147 2814 275 2891 blaiseii
299 2826 517 2892 Ecclesiarum
538 2834 664 2908 praeter
692 2829 805 2892 librum
829 2829 946 2908 inquo
970 2845 1067 2893 onera
1089 2834 1244 2908 perpetua
1267 2834 1300 2892 et

144 2908 332 3002 temporaria
355 2915 592 2996 describuntur,
620 2915 757 2980 alterum
780 2915 895 2980 librum
916 2915 950 2979 in
972 2916 1112 2981 sacrario
1132 2916 1300 2996 retineant,

139 3009 172 3062 m
192 3018 254 3082 quo
277 3001 393 3067 Missas
416 3002 589 3082 manuales,
622 3022 793 3084 earumque
824 3001 1041 3083 eleemosynas
1063 3011 1096 3068 et
1117 3003 1306 3084 implemen-

136 3083 204 3152 tum
233 3095 383 3154 accurate
412 3108 452 3155 ac
480 3090 627 3155 distincte
658 3091 809 3156 adnotare
840 3096 1026 3169 teneantur,
1055 3096 1088 3155 et
1116 3090 1156 3154 ab
1187 3091 1302 3156 iisdem

135 3169 179 3240 de
210 3178 384 3259 praedictis
418 3178 563 3243 omnibus
597 3179 750 3242 rationein
781 3177 923 3259 quolibet
957 3196 1039 3243 anno
1075 3178 1202 3260 exigere
1235 3197 1300 3243 non

132 3265 294 3337 omittant
620 3320 629 3337 ,

243 3350 307 3416 Sed
338 3352 412 3433 quia
441 3371 506 3417 non
536 3352 637 3418 solum
660 3353 699 3418 de
728 3352 813 3418 fideli
835 3371 966 3421 onerum
995 3353 1164 3419 Missarum
1191 3353 1306 3435 imple²

135 3445 244 3504 mento
260 3439 389 3505 solliciti
404 3457 473 3504 esse
490 3440 650 3520 debemus,
674 3458 783 3505 verum
799 3442 833 3506 iu
854 3440 934 3505 illud
951 3441 1046 3505 etiarn
1061 3441 1167 3505 studia
1182 3439 1301 3505 Nostra

139 3527 353 3592 convertenda
386 3534 468 3608 sunt,
500 3534 537 3593 ut
564 3528 717 3609 quidquid
752 3529 943 3595 sacrosancti
977 3527 1120 3594 sacrificii
1153 3528 1237 3608 quod
1266 3529 1301 3593 in

141 3610 237 3680 Missa
260 3613 391 3680 offertur
414 3615 603 3696 dignitatem
630 3616 786 3682 dedeceat
807 3635 824 3679 e
847 3617 950 3681 medio
973 3616 1112 3696 tollatur,
1146 3615 1220 3680 hinc
1243 3614 1299 3680 ab·

142 3717 228 3766 nsum
251 3703 439 3783 quibusdam
461 3705 494 3766 in
516 3703 591 3769 locis
614 3705 771 3769 invectum
794 3703 963 3769 Missurum
985 3704 1200 3785 eleemosynas
1222 3719 1305 3782 qua·

143 3787 209 3862 darn
232 3790 457 3871 negotiationis
479 3793 582 3872 specie
606 3792 808 3872 conquirendi
830 3809 960 3873 prorsus
975 3792 1181 3873 reprobamus
1205 3794 1303 3871 atque

141 3874 364 3945 interdicimus.
405 3878 565 3944 Ordinarii
587 3885 693 3944 autem
708 3879 857 3958 locorum,
881 3880 1067 3959 ubicumque
1090 3895 1168 3958 opus
1190 3876 1299 3957 fuerit,

143 3967 247 4040 poenis
270 3965 369 4029 etiam
384 3966 563 4047 propositis,
587 3965 769 4054 hujusmodi
792 3967 1060 4048 eleemosynarnm
1077 3963 1306 4030 collectoribus

247 4157 269 4227 ¹)
289 4156 361 4212 Sess.
380 4157 465 4212 XXV.
485 4173 544 4225 cap.
562 4161 588 4214 4.
607 4158 641 4213 de
660 4157 780 4212 Reform.
