2872 4874
608 340 801 389 CONSTITUTIO
824 341 994 390 uocunrlcn

700 549 837 616 CAPUT
859 551 900 618 ΙΙ.

664 690 715 755 De
737 691 938 757 revelatione.

306 830 430 895 Eadem
446 831 564 896 Sancta
579 831 684 896 Mater
700 830 844 897 Ecclesia
866 837 954 896 tenet
978 837 1009 896 et
1025 834 1126 913 docet,
1145 833 1257 913 Deum,
1274 854 1382 900 rerum

218 920 357 986 omnium
378 918 565 1000 principium
588 924 621 983 et
642 918 744 999 finem,
768 918 907 985 naturali
929 919 1088 987 humanae
1111 923 1243 988 rationis
1266 923 1387 987 lumine

218 1007 354 1073 erebus
389 1006 503 1071 creatis
537 1011 624 1072 certo
653 1008 800 1086 cognosci
831 1025 939 1088 possc3
973 1008 1142 1079 invisibilia
1171 1011 1252 1074 enim
1275 1011 1385 1092 ipsius

218 1100 409 1161 acreatura
439 1095 564 1174 mundi,
597 1113 655 1176 per
682 1114 719 1160 ea
747 1114 828 1176 quae
858 1093 944 1160 facta
973 1103 1063 1177 sunt,
1101 1097 1277 1177 intellecta,
1312 1117 1387 1163 con-

218 1181 449 1264 spiciuntur1):
473 1187 616 1247 attamen
631 1182 788 1263 placuisse
810 1184 878 1266 ejus
894 1185 1067 1266 sapientiae
1090 1191 1124 1250 et
1143 1186 1286 1266 bonitati,
1310 1186 1384 1267 alia,

219 1289 319 1352 eaque
341 1270 579 1350 supernaturali
600 1271 653 1335 via
683 1290 718 1336 se
749 1272 854 1354 ipsum
886 1291 923 1336 ac
952 1277 1084 1338 aeterna
1105 1273 1279 1339 voluntatis
1307 1293 1385 1338 suae

221 1359 349 1424 decreta
362 1356 501 1422 humano
517 1359 627 1440 generi
641 1359 793 1439 revelare,
818 1360 941 1425 dicente
958 1360 1125 1442 Apostolo:
1149 1361 1383 1441 Moltifminm,

220 1446 391 1528 multisque
421 1445 524 1510 modis
555 1446 631 1511 olim
658 1445 749 1512 Deus
781 1447 910 1528 loqueos
938 1448 1093 1528 patribus
1126 1449 1163 1513 lo
1198 1449 1387 1532 Prophetis:

220 1535 400 1612 manissime,
425 1533 535 1598 diebos
557 1535 633 1599 istis
658 1533 782 1600 locotus
805 1542 852 1600 est
873 1536 964 1600 nobis
986 1537 1021 1599 in
1044 1537 1136 1602 Filio
1152 1537 1192 1620 2).

326 1621 408 1686 Huic
431 1621 764 1687 divinaerevelationi
789 1622 992 1688 tribuendum
1023 1625 1149 1704 quidem
1181 1630 1247 1705 est,
1283 1631 1318 1689 ut
1342 1642 1388 1697 ea,

221 1728 303 1792 quae
326 1710 358 1774 in
384 1708 481 1774 rebus
513 1709 625 1774 divinis
656 1709 813 1776 humanae
844 1711 960 1775 rationi
992 1730 1051 1793 per
1077 1731 1111 1776 se
1141 1714 1295 1799 impervia
1323 1731 1387 1777 nou

221 1803 307 1878 sunt,
329 1799 362 1862 in
377 1797 539 1878 praesenti
553 1816 678 1879 quoque
695 1800 822 1880 generis
837 1797 967 1863 humani
983 1801 1163 1866 conditione
1183 1801 1224 1864 ab
1241 1802 1386 1866 omnibus

222 1885 384 1968 expedite,
419 1884 511 1949 firma
545 1886 735 1952 certitudine
763 1892 797 1952 et
824 1879 1080 1967 nrssnsadmixto
1109 1907 1218 1954 errore
1241 1891 1388 1971 cognosci

121 2047 123 2051 ,
220 1974 353 2059 possint.
397 1971 469 2037 Non
490 1971 552 2037 hac
573 1979 681 2038 tamen
704 1975 744 2040 de
766 1993 863 2039 causa
877 1974 1030 2041 revelatio
1047 1977 1190 2042 absolute
1207 1979 1386 2042 necessaria

224 2062 355 2130 dicenda
378 2065 439 2140 ast,
475 2061 532 2125 sed
559 2063 633 2141 quia
656 2062 742 2147 Deus
765 2083 803 2128 ex
825 2062 950 2129 infinita
972 2065 1117 2131 bonitate
1145 2083 1204 2129 sua
1227 2066 1389 2130 ordinavit

223 2151 381 2216 hominem
414 2149 455 2213 ad
484 2145 580 2214 finem
614 2151 905 2231 supernaturalem,
941 2152 983 2216 ad
1014 2153 1235 2234 participanda
1269 2153 1391 2216 scilicet

222 2239 306 2304 bona
328 2237 448 2315 divina,
480 2255 562 2316 quae
592 2238 749 2303 humanae
767 2239 891 2302 mentis
920 2239 1163 2319 intelligentiam
1186 2241 1311 2303 omnino
1335 2257 1390 2302 su-

223 2330 351 2409 perant3
385 2324 539 2405 siquidem
563 2326 673 2390 oculus
696 2343 758 2390 non
781 2325 875 2402 vidit,
905 2344 964 2390 nec
986 2328 1071 2391 auris
1101 2326 1234 2405 audivit,
1269 2342 1327 2388 nec
1356 2326 1392 2401 in

224 2433 278 2480 cor
301 2412 436 2477 hominis
459 2413 617 2494 ascendit,
651 2430 731 2492 quae
754 2413 957 2494 praeparavit
980 2412 1066 2477 Deus
1089 2414 1140 2492 iis,
1176 2412 1231 2493 qui
1254 2410 1390 2492 diligunt

224 2502 322 2568 illum.
341 2504 365 2576 5)

330 2587 416 2652 Haec
438 2605 532 2668 porro
557 2587 807 2668 supernaturalis
822 2587 984 2667 revelatio,
1006 2586 1181 2651 secundum
1204 2586 1390 2651 universalis

225 2676 388 2744 Ecclesiae
409 2674 516 2754 fidem,
540 2694 561 2739 a
583 2680 696 2740 sancta
718 2675 902 2740 Tridentina
924 2675 1051 2757 Synodo
1076 2675 1286 2755 declaratam,
1319 2693 1392 2739 con-

224 2767 345 2832 tinetur
374 2765 407 2828 in
442 2763 531 2828 libris
564 2763 691 2844 scriptis
719 2770 753 2828 et
782 2764 850 2828 sine
882 2764 1001 2845 scripto
1032 2763 1274 2841 traditionibus,
1310 2781 1392 2843 quae

225 2855 326 2936 ipsius
351 2852 468 2918 Christi
491 2869 545 2915 ore
569 2850 610 2915 ab
626 2851 788 2934 Apostolis
810 2858 969 2932 acceptae,
993 2856 1049 2916 aut
1073 2850 1113 2916 ab
1136 2852 1214 2932 ipsis
1230 2850 1393 2932 Apostolis

225 2941 347 3024 Spiritu
370 2939 486 3005 Sancto
510 2939 650 3005 dictante
665 2941 756 3020 quasi
770 2957 828 3020 per
842 2957 955 3004 manus
979 2940 1124 3018 traditae,
1143 2939 1191 3003 ad
1211 2956 1268 3003 nos
1292 2956 1391 3019 usque

226 3033 447 3112 pervenerunt.
463 3027 491 3108 4)
536 3026 598 3104 Qui
628 3028 756 3109 quidem
786 3029 902 3093 veteris
934 3034 966 3092 et
995 3028 1069 3093 novi
1091 3027 1287 3092 Testamenti
1317 3026 1393 3090 libri

227 3118 344 3198 integri
367 3134 438 3182 cum
461 3115 609 3180 omnibus
632 3116 697 3180 suis
719 3115 881 3197 partibus,
913 3122 1008 3196 prout
1034 3117 1068 3181 in
1096 3115 1237 3195 ejusdem
1261 3112 1392 3178 Consilii

228 3207 356 3271 decreto
379 3207 599 3283 recensentur,
634 3208 667 3268 et
695 3203 727 3266 in
756 3204 858 3269 veteri
890 3203 1020 3285 vulgata
1049 3203 1151 3268 latina
1173 3201 1311 3267 editione
1334 3201 1392 3265 ba-

228 3296 361 3370 bentur‚
394 3309 452 3374 pro
486 3293 585 3356 sacris
615 3297 646 3355 et
679 3291 836 3356 canonicis
867 3290 1059 3372 suscipiendi
1086 3295 1169 3355 sunt.
1222 3288 1286 3354 Eos
1315 3307 1389 3352 vero

229 3380 375 3445 Ecclesia
403 3398 461 3461 pro
492 3381 591 3445 sacris
620 3384 653 3444 et
683 3379 841 3444 canonicis
874 3378 983 3457 habet,
1016 3397 1079 3443 non
1111 3378 1182 3443 ideo
1215 3376 1300 3458 quod
1328 3377 1397 3440 sola

229 3469 368 3533 bumana
390 3467 546 3532 industria
569 3468 765 3546 concinnati,
797 3485 857 3532 sua
887 3467 1000 3532 deinde
1027 3466 1218 3532 auctoritate
1241 3465 1306 3529 sint
1340 3482 1397 3545 ap-

230 3555 373 3639 probati:
408 3573 467 3620 nec
497 3555 568 3620 ideo
598 3556 779 3634 dumtaxat,
811 3554 896 3637 quod
925 3553 1153 3620 revelationem
1187 3552 1255 3618 sinc
1288 3571 1396 3616 errore

233 3643 433 3724 contineant3
462 3642 519 3707 sed
542 3647 711 3725 propterea
734 3644 818 3723 quod
842 3642 962 3724 Spiritu
986 3640 1101 3707 Sancto
1124 3641 1300 3722 inspirante
1324 3657 1397 3703 con-

231 3731 343 3813 scripti
367 3729 468 3794 Daum
490 3730 609 3797 habent
632 3735 811 3811 auctorem,
847 3735 944 3811 atque
974 3733 1011 3793 ut
1039 3729 1120 3794 tales
1149 3729 1211 3812 ipsi
1233 3726 1396 3792 Ecclesiae

232 3820 372 3886 traditae
394 3822 478 3885 sunt.

339 3905 496 3986 Quoniam
519 3924 603 3986 vero,
628 3924 709 3988 quae
733 3909 844 3971 sancta
859 3905 1045 3970 Tridentina
1067 3903 1211 3986 Synodus
1235 3901 1275 3967 de
1299 3902 1397 3966 inter-

233 3995 411 4078 pretatione
435 3993 557 4060 divinae
580 3993 761 4076 Scripturas
793 3993 835 4058 ad
864 3993 1040 4058 coercenda
1069 3990 1246 4072 petulantia
1270 3990 1400 4071 ingenia

149 4167 152 4173 Ι
234 4083 406 4148 salubriter
428 4082 582 4162 decrevit,
614 4100 633 4146 a
656 4082 845 4164 quibusdam
867 4080 1046 4147 hominibus
1070 4096 1167 4160 prave
1190 4084 1398 4158 exponuntur,

235 4227 446 4235 ———-.-—.--

344 4295 363 4362 ¹)
382 4293 461 4348 Rom.
480 4294 501 4346 I.
520 4295 562 4346 20.
618 4292 641 4360 Ξ)
661 4293 745 4348 Hebr.
764 4292 785 4344 Ι.
806 4295 882 4344 1-2.
938 4291 962 4358 ³)
984 4293 1007 4342 l.
1027 4288 1089 4344 Cor.
1109 4288 1143 4340 ΙΙ.
1163 4288 1188 4343 9.

343 4363 365 4432 ⁴)
384 4363 465 4418 Cone.
484 4362 557 4417 Trid.
576 4377 645 4416 sess.
664 4362 711 4420 IV.
730 4363 811 4416 Dacr.
830 4360 863 4414 da
878 4360 947 4417 'Can
967 4359 1068 4426 Script.
