2872 4874
149 335 213 393 240
648 346 815 394 rossontus

147 487 264 550 tionem
288 503 383 566 super
397 492 485 550 statu
501 485 705 566 Regularium
729 487 823 564 datia,
849 484 1052 550 difficultates
1068 504 1106 549 ac
1121 486 1289 552 detrimenta
1331 548 1334 579 ,

148 591 248 637 novae
271 573 349 654 legis
380 592 437 654 pro
460 574 658 637 monasteriis
690 573 794 637 dictae
821 571 1083 654 congregationis
1115 573 1284 640 1161161616-

147 661 327 725 ncdictinae
348 661 436 741 large
461 659 656 742 fideliterque
676 662 829 743 exposuit,
853 679 1025 742 earumque
1048 661 1168 726 intuitu
1181 662 1220 726 ad
1237 661 1288 726 lau·
1332 658 1334 665 '

148 748 256 813 datam
287 748 319 814 S.
353 747 641 830 congregationem
675 767 770 830 super
803 755 892 813 statu
925 749 1133 830 Regularium
1165 749 1285 814 devotam

147 836 334 918 petitionem
358 836 485 914 direxit,
516 845 552 901 ut
574 837 774 900 monasteriis
797 838 1051 917 congregationis
1073 836 1285 902 helvctobeue

149 922 285 988 dictinae
308 925 339 987 in
364 930 515 988 consueto
532 923 701 1005 profitendi
723 943 809 989 more
830 927 1001 1005 persistere
1023 924 1145 1002 liceret,
1168 925 1288 1005 adeoque
1321 950 1334 1179 4

149 1030 273 1076 anova
294 1012 365 1092 1686
389 1011 587 1076 observanda
611 1012 724 1076 saltem
748 1013 850 1092 quoad
873 1012 954 1092 11166,
978 1013 1032 1093 qui
1054 1011 1096 1076 ad
1120 1011 1150 1076 S,
1174 1012 1289 1077 Ordines

149 1099 370 1180 suscipiantur,
394 1099 587 1179 dispensatio
611 1100 746 1182 benigne
769 1099 1004 1164 concederetur.

253 1185 352 1250 Sacra
374 1204 448 1250 vero
473 1185 683 1268 Congregatio
713 1206 808 1268 super
837 1192 923 1251 statu
945 1187 1153 1269 Regularium
1176 1187 1231 1251 sub
1250 1187 1288 1251 die

150 1279 202 1339 30.
217 1272 403 1338 Novembris
429 1279 511 1338 1857
535 1275 708 1358 respondit,
734 1273 938 1340 sanctitatem
955 1294 1045 1340 suam
1065 1275 1210 1359 petitioni
1222 1275 1287 1339 haud

148 1363 350 1426 annuendum
373 1361 582 1443 existimasse,
613 1382 650 1427 66
679 1363 762 1443 quod
789 1362 840 1425 lex
868 1364 907 1428 de
938 1362 1134 1443 professione
1165 1369 1286 1428 votorum

145 1449 334 1539 simplicium
357 1467 465 1514 omnes
488 1452 615 1517 ordines
636 1450 801 1533 regulares
824 1452 964 1534 cujusvis
986 1452 1127 1534 regionis
1148 1452 1285 1533 respiciat

141 1541 182 1603 et
205 1537 367 1601 decretum
397 1542 613 1620 statutumque
638 1540 692 1618 sit,
723 1537 842 1602 nullam
875 1539 935 1602 hac
965 1539 997 1602 in
1031 1557 1067 1602 re
1095 1540 1285 1620 exceptiones

146 1623 323 1691 admittere.
369 1624 414 1689 Ut
437 1633 553 1695 autem.
574 1627 717 1709 eiusdem
744 1625 823 1706 legis
854 1626 997 1691 executio
1029 1625 1151 1691 facilior
1183 1625 1287 1703 evadat,

147 1711 307 1778 Sanctitas
329 1711 395 1776 Sua
418 1710 700 1795 Congregationein
732 1712 1103 1779 belvam-benedictinam
1132 1714 1172 1779 ab
1202 1716 1286 1780 obser·

146 1800 255 1864 vantia
278 1801 395 1864 decreti
419 1801 469 1864 die
494 1807 545 1867 25.
571 1801 714 1867 Januarii
739 1806 823 1865 1848
847 1820 867 1865 6
888 1803 918 1866 S.
936 1800 1192 1884 Congregatione
1214 1818 1287 1883 super

146 1894 234 1952 statu
256 1888 462 1970 Regulariuns
486 1890 593 1953 emissi
610 1890 662 1972 (de
690 1889 848 1954 scrutiniis
872 1889 1019 1954 videlicet
1043 1889 1177 1972 agendis
1198 1891 1229 1955 in
1247 1887 1283 1952 ad·

146 1976 296 2042 missione
318 1976 547 2056 postulantium
571 1977 612 2043 ad
631 1977 785 2056 habiturn,
809 1978 997 2042 novitiatum
1021 1982 1054 2041 61
1067 1975 1287 2058 professionem)

145 2069 323 2144 exemptam
357 2064 531 2129 declaravit
559 2082 595 2128 ac
619 2065 749 2145 insuper
770 2065 908 2146 benigne
930 2063 1071 2144 indulsit,
1107 2070 1145 2128 ut
1179 2062 1286 2146 professi

145 2158 289 2219 votorum
306 2152 496 2232 simplicium
516 2153 655 2235 ejusdem
672 2152 935 2235 congregationis
950 2151 1286 2219 salveto-benedictinae

146 2239 291 2305 omnibns
306 2239 490 2321 61111168116,
515 2241 625 2320 8161116
649 2246 681 2305 61
696 2240 829 2307 indultis
844 2239 1014 2321 gaudeant,
1038 2240 1154 2321 quibus
1177 2237 1286 2325 61616111

147 2328 290 2393 v'otorum
315 2326 499 2392 solemnium
522 2327 663 2411 legitime
685 2327 842 2407 fruuntur,
861 2347 899 2393 ac
922 2327 1050 2392 tandem
1073 2328 1116 2391 ad
1138 2326 1288 2393 triennium

147 2416 308 2493 concessit,
333 2420 370 2478 ut
392 2413 524 2495 professi
548 2422 692 2480 votorum
708 2416 896 2496 simplicium
920 2415 960 2480 ad
976 2417 1080 2479 instar
1094 2415 1292 2496 professorum
1329 2454 1333 2470 ·

145 2509 290 2567 votorum
314 2502 499 2565 solemnium
521 2503 624 2582 prima
638 2502 782 2567 Tonsura
804 2503 957 2585 insigniri,
982 2511 1079 2584 atque
1102 2503 1147 2568 ad
1170 2501 1293 2584 singulos

146 2591 243 2655 6116111
266 2607 373 2653 666166
394 2597 443 2653 ret
464 2589 708 2672 Presbyteratus
736 2590 880 2670 ordines,
910 2591 1045 2655 servatis
1076 2591 1117 2655 de
1141 2592 1217 2673 jure
1242 2608 1293 2654 ser·

145 2678 257 2741 vendis
279 2678 456 2757 promoveri
478 2678 611 2758 possint,
636 2697 674 2743 ea
697 2683 805 2743 tamen
827 2678 913 2760 1686,
942 2686 992 2759 61,
1016 2679 1042 2742 61
1064 2678 1105 2743 ab
1129 2680 1240 2744 ordine
1260 2677 1296 2742 di·

145 2767 326 2844 mittantur,
345 2783 365 2828 a
381 2765 591 2829 celebratione
606 2765 637 2834 S.
653 2766 773 2831 Missae
788 2765 937 2831 sacrificii
951 2767 1098 2847 suspensi
1106 2768 1294 2842 ,ramaneant

146 2852 247 2917 donec
271 2852 311 2916 de
339 2871 479 2935 congruo
510 2854 700 2934 patrimonio
732 2854 774 2918 ad
803 2854 1037 2935 praescriptum
1066 2852 1120 2919 SS.
1144 2852 1296 2920 Oanonun

143 2941 358 3022 provideatur.
1091 2990 1093 2994 .

249 3029 368 3092 Verum
390 3029 524 3109 benigna
546 3029 608 3095 hac
640 3029 842 3094 concessione
874 3028 1087 3094 difficultates·
1102 3047 1208 3094 novae
1229 3016 1299 3110 lffi‘n

134 3113 328 3180 'nullatenus
352 3120 491 3181 remotae
514 3123 603 3195 sunt3
626 3119 756 3197 insuper
772 3118 972 3199 experientia,
997 3135 1092 3199 qnam
1114 3134 1176 3198 per
1197 3117 1299 3182 decon-

137 3203 232 3266 -nium
254 3203 344 3268 nobis
366 3201 470 3268 facere
493 3204 617 3285 obtigit,
634 3221 762 3269 novam
780 3198 818 3268 de
839 3206 1003 3270 emissione
1018 3210 1166 3269 votorum
1189 3203 1302 3286 simpli·

145 3290 228 3356 61616
250 3290 354 3372 legem
376 3291 522 3370 religioso
538 3290 650 3356 Ordini
672 3297 782 3357 nostro
805 3293 837 3355 in
853 3292 1076 3357 detrimentum
1091 3293 1302 3374 potiusquam

144 3378 176 3443 16
207 3378 341 3442 66161661
371 3379 484 3443 cedere
507 3381 654 3446 ostendit.
702 3379 807 3457 Quare
831 3378 1044 3462 congregatio
1070 3378 1301 3445 hebeto-bene

144 3466 262 3531 dictina
296 3465 404 3530 oblata
437 3468 613 3547 occasione,
649 3485 712 3548 qua
744 3468 777 3530 in
814 3466 869 3531 SS.
901 3465 1042 3533 Concilio
1075 3467 1233 3532 Vaticano
1266 3467 1300 3532 de

136 3553 366 3619 reformatione
390 3571 514 3634 quoque
529 3555 734 3637 Regularium
756 3571 860 3619 sermo
883 3556 952 3631 erit,
977 3555 1081 3619 denuo
1103 3553 1304 3635 difficultates

143 3659 245 3706 novae
268 3641 435 3721 profitendi
458 3641 538 3723 legis
565 3662 623 3723 616
646 3642 845 3707 monasteriis
880 3642 1021 3722 ejusdem
1044 3641 1301 3724 Congregationis

144 3730 228 3793 omni
252 3747 315 3809 qua
338 3729 429 3794 decet
443 3732 623 3795 reverentia
646 3736 679 3794 61
695 3730 901 3795 submissione
925 3729 1129 3811 exponendas
1151 3730 1304 3812 simulque

134 3818 270 3880 modum
294 3816 408 3896 agendi
437 3818 471 3880 in
493 3818 701 3899 suscipiendis
732 3817 973 3898 erudiendisque
1003 3817 1168 3899 religionis
1199 3818 1301 3884 candi-

143 3904 227 3968 datis
243 3905 481 3985 proponendum
498 3907 629 3984 censuit,
654 3924 716 3987 quo
731 3905 804 3970 illae
821 3903 1034 3987 difficultates,
1049 3911 1086 3968 ut
1099 3905 1173 3986 ipsa
1188 3911 1302 3988 sperat,

142 4000 400 4072 praecaveantur,
425 3993 501 4073 quin
524 3998 632 4058 tamen
655 3995 789 4058 intentio
812 3993 869 4057 illa
889 3999 1035 4074 paterna,
1060 4010 1125 4074 qua
1139 3991 1194 4057 Sd.
1209 3993 1304 4057 Pater

141 4081 183 4230 {ard
206 4079 308 4161 legem
330 4099 443 4145 novam
467 4080 665 4145 condendam
688 4081 836 4146 inductus
860 4088 922 4160 est,
955 4078 1070 4146 effectu
1092 4097 1150 4144 suo
1172 4079 1302 4144 salutari

173 4172 322 4231 ustretur.

248 4254 340 4331 Quod
361 4256 458 4336 igitur
481 4255 522 4318 ad
546 4252 762 4334 difficultates,
792 4274 850 4320 nec
877 4274 940 4320 non
964 4256 1156 4320 detrimenta
1178 4256 1300 4331 attinet,

142 4359 222 4424 quae
246 4360 284 4406 ex
306 4361 388 4408 nova
410 4341 580 4424 profitendi
602 4342 671 4423 lege
703 4345 901 4408 monasteriis
926 4341 962 4409 Ο.
988 4342 1019 4408 S.
1042 4341 1080 4411 Β.
1102 4342 1137 4407 16
1158 4341 1299 4408 Helvetia
