2872 4874
573 346 613 393 bl
636 346 815 395 DISCIPLINA.

492 554 563 637 19⁸.
604 553 911 639 resumamus

123 708 176 778 UT
196 712 344 780 SANCTI
359 709 576 777 VINOENTII
599 712 628 776 Δ
649 710 790 779 PAULO
806 711 1141 793 Assoclal'lorvns
1165 713 1288 792 QUAE,

120 814 261 884 VULGO
276 814 605 882 CONFERENTIAE
621 815 848 899 DICUN'I'UR,
873 816 1050 884 asscito
1065 816 1288 887 VATICANO·

226 920 426 989 CONCILIO
447 921 708 988 LAUDENTUR
731 921 785 987 Ac
808 920 1174 990 COMMENDENTUR.

220 1063 357 1128 Romani
379 1060 548 1128 Pontifices
582 1063 616 1126 in
645 1061 788 1132 docenda
819 1064 1023 1145 regendaque
1051 1063 1195 1129 Ecclesia
1217 1082 1285 1130 non

119 1149 162 1217 ita
184 1169 295 1217 curam
312 1149 534 1228 exhauserunt,
559 1158 596 1214 ut
618 1148 789 1229 aliquando
806 1167 903 1232 opera
925 1151 1159 1218 misericordiae
1174 1151 1282 1217 fovere

119 1245 151 1304 et
170 1238 392 1306 commendare
415 1237 650 1303 intermiserint.
699 1236 749 1301 Ad
771 1254 825 1302 eos
853 1238 937 1304 enim
960 1241 1099 1321 pertinet
1121 1239 1224 1304 zelum
1249 1244 1297 1306 etr

118 1328 267 1429 pietatem
289 1343 475 1428 promovere
495 1326 528 1389 in
560 1324 778 1389 sustentandis
801 1327 993 1407 pauperibus
1022 1332 1057 1392 et
1087 1328 1120 1393 in
1144 1324 1282 1393 catechi-

120 1413 388 1566 mndlsildmldldldd
402 1518 477 1566 vero
512 1500 676 1565 charitatis
708 1482 776 1565 turn
805 1500 980 1581 spiritualis
1009 1509 1078 1566 eum
1101 1501 1283 1585 corporalis

120 1588 278 1672 implenda
301 1586 411 1667 officia,
435 1587 542 1670 plures
572 1589 605 1652 in
628 1589 764 1653 decursu
792 1595 972 1668 temporum
1003 1589 1148 1670 prodiere
1182 1590 1280 1656 socie·

118 1683 207 1760 tates,
224 1677 305 1742 etin
320 1676 438 1741 nostris
453 1675 650 1757 temporibus
669 1678 805 1741 maxime
820 1676 933 1740 enituit
952 1676 1006 1758 pia
1021 1676 1100 1742 haec
1116 1677 1280 1757 sodalitas,

119 1783 203 1849 qnae,
240 1764 300 1829 sub
322 1763 452 1846 vulgato
480 1763 606 1828 nomine
631 1763 908 1845 Confereatiurum
936 1759 1049 1828 Sancti
1077 1762 1282 1830 Vincentius

120 1852 233 1928 Paulo,
259 1851 405 1916 omnibus
428 1856 564 1917 nonest
587 1869 687 1932 aeque
709 1850 942 1932 comprobatas

220 1939 437 2004 Haerentem
471 1939 618 2021 societas,
650 1957 687 2003 ex
709 1939 815 2004 laicali
845 1938 954 2003 ordine
978 1939 1166 2019 praesertim
1190 1937 1282 2004 effor-

123 2032 211 2107 mata,
238 2025 407 2091 nobiliores
439 2025 604 2091 civitatum
632 2030 664 2091 et
686 2027 825 2091 deornm
856 2026 941 2091 viros
969 2025 1167 2108 optimosque
1189 2026 1285 2093 scho-

119 2112 219 2180 larum
242 2113 422 2178 liberalium
449 2112 589 2195 ephebos
622 2114 656 2177 in
686 2114 756 2178 sinu
781 2118 951 2195 computat,
982 2113 1109 2194 lateque
1132 2131 1190 2194 per
1211 2114 1282 2178 uni-

116 2220 242 2267 versnm
266 2209 425 2267 terrarum
455 2201 564 2267 orbem
585 2200 649 2280 jam
673 2198 799 2280 diflusa,
832 2201 996 2266 uberiores
1017 2199 1140 2266 finctus
1164 2200 1282 2281 ubique

116 2290 263 2371 protulit,
299 2306 377 2370 quos
410 2290 461 2354 bic
496 2307 682 2354 enumerare
713 2286 908 2371 superfluum
938 2293 1030 2354 esset.
1084 2288 1145 2353 Vix
1175 2294 1281 2353 exstat

116 2377 293 2460 corporalis
315 2377 423 2458 inopia
445 2395 525 2458 quae
549 2375 590 2440 ab
612 2378 659 2441 eis
682 2395 745 2441 non
760 2376 928 2457 relevetur,
952 2382 1008 2441 aut
1031 2376 1127 2440 animi
1150 2373 1277 2441 afflictio

116 2482 199 2547 quae
222 2483 286 2528 non
310 2467 351 2529 sit
374 2472 527 2530 recreata.
565 2465 624 2528 Isti
646 2465 730 2530 enim
745 2483 901 2546 pauperes
917 2483 1013 2546 saepe
1036 2468 1070 2529 et
1092 2463 1286 2546 regulariter

116 2554 259 2632 visitant,
283 2570 400 2634 eosque
423 2552 541 2633 duplici
563 2554 654 2634 panis
677 2558 710 2616 et
732 2551 956 2618 consolationis
979 2551 1093 2633 pabulo
1117 2550 1282 2632 reficiunt;

116 2641 260 2723 aegrotis
291 2639 503 2721 opitulantur,
536 2640 638 2721 iisque
667 2640 821 2704 salutaria
843 2640 1018 2706 medicinae
1047 2638 1187 2704 remedia
1209 2639 1282 2704 sub·

116 2729 315 2805 ministrant3
350 2745 441 2792 senes
475 2727 507 2791 in
541 2727 686 2809 hospitiis
721 2732 754 2792 et
789 2727 948 2808 orphanos
978 2727 1011 2792 in
1040 2727 1284 2793 conservatoriis

117 2815 292 2895 collocant3
328 2813 465 2880 artifices
496 2821 528 2878 et
558 2815 721 2896 operarios
751 2814 918 2896 erudiunt,
947 2815 1150 2897 junioresque
1172 2834 1211 2880 ex
1235 2814 1282 2880 eis

117 2904 227 2985 quiin
260 2901 392 2968 officinis
426 2902 636 2966 tirocinantur
666 2920 723 2966 suo
746 2902 919 2983 patrocinio
952 2904 1101 2982 apravis
1132 2901 1284 2985 exemplis

117 2996 344 3074 praeservant3
368 2992 501 3072 optimos
524 2988 622 3055 libros
645 3008 703 3070 per
725 2989 835 3054 domos
859 2995 892 3054 et
908 2988 1041 3055 familias
1065 2988 1283 3068 disseminant,

119 3085 151 3143 et
173 3080 376 3143 matrimonia
398 3096 484 3142 mere
509 3077 612 3142 civilia
635 3077 859 3154 cohonestant;
892 3095 954 3158 quo
976 3076 1012 3141 fit
1034 3082 1071 3142 ut
1094 3086 1133 3142 e‘x
1155 3078 1213 3142 hae
1235 3077 1284 3142 in·

118 3167 284 3232 stitutione
320 3165 407 3229 miris
440 3165 474 3229 in
505 3164 607 3229 modis
644 3167 676 3228 in
705 3163 932 3246 rempublicam
966 3164 1169 3230 christianam
1201 3166 1283 3231 bona

119 3254 292 3333 dimanent‚
315 3253 470 3333 multique
492 3252 655 3318 salventur
678 3253 731 3334 qui
755 3253 822 3317 sine
844 3252 905 3317 hoc
928 3252 1043 3317 auxilio
1066 3253 1245 3335 periissent.

227 3342 285 3406 His
308 3341 407 3422 igitur
429 3341 501 3422 piae
525 3339 705 3405 sodalitatis
736 3340 857 3406 meritis
881 3341 1038 3419 commoti,
1061 3359 1129 3406 rem
1152 3357 1284 3423 prorsus

119 3430 230 3494 utilem
252 3434 481 3509 reputaverunt
507 3426 701 3510 infrascripti
722 3427 836 3493 Patres
866 3427 894 3492 si
916 3428 997 3493 hanc
1019 3429 1144 3510 publice
1166 3427 1285 3493 sodali-

119 3521 221 3582 tatem
243 3516 391 3581 laudaret
414 3521 509 3596 atque
525 3514 762 3582 commendaret
783 3533 934 3596 praesens
951 3515 1160 3581 Oecumenicu
1182 3514 1283 3596 Syno-

121 3604 189 3685 dus,
214 3607 294 3669 etsi
318 3621 454 3686 magnus
469 3602 587 3669 Noster
605 3601 750 3668 Pontifex
773 3603 835 3683 qui,
858 3608 950 3667 tanto
966 3603 1105 3667 omniurn
1128 3601 1282 3668 bonorum

119 3692 244 3775 plausu,
267 3692 371 3756 navim
387 3691 546 3755 Ecclesiae
569 3691 652 3772 regit
676 3695 708 3755 et
724 3689 892 3772 gubernat,
915 3707 972 3755 sno
997 3691 1092 3755 etiam
1111 3690 1284 3770 praeconio

122 3778 287 3846 decoraret
308 3785 342 3844 et
365 3778 525 3844 conciliari
547 3777 776 3861 approbatione
798 3776 933 3844 fulciret.

225 3869 269 3933 Et
290 3867 350 3932 boc
373 3867 462 3932 enixe
484 3872 656 3948 precantur
683 3868 826 3930 oratores
849 3864 1020 3946 subscripti
1049 3860 1155 3928 fausta
1178 3865 1282 3928 omnia

121 3956 248 4039 insuper
281 3959 468 4035 exoptantes
498 3952 780 4018 Reverendissimis
811 3952 977 4030 Patribus,
1014 3952 1068 4033 qui
1104 3950 1145 4015 ad
1168 3969 1285 4015 munus

121 4042 319 4108 examinandi
341 4040 502 4123 postulata
525 4041 669 4124 deputati
691 4047 775 4106 sunt.

226 4146 353 4228 Romae,
378 4146 428 4210 die
453 4150 503 4213 30.
526 4144 673 4210 Januarii
698 4149 793 4212 1870.

127 4333 130 4338 ·
152 4286 241 4351 Huic
259 4285 474 4364 postulationi
496 4285 754 4366 ademptorem
775 4283 935 4365 ceroptata
957 4281 1076 4347 Patres
1099 4279 1246 4348 amota
