2872 4874
527 340 565 387 nn
587 340 684 387 nanus
707 340 899 389 nouusmm.
1252 329 1296 389 59

133 498 205 562 quae
226 479 365 545 beatum
387 476 508 545 iaceret
530 478 697 545 videntem.
732 478 764 545 S.
781 478 891 544 l'bom.
914 479 994 544 banc
1016 481 1193 545 evasionem
1216 500 1300 546 uua-

134 568 200 632 nimi
223 566 469 649 Scriptnrarum
491 568 673 632 testimonio
696 567 889 632 contrariam
906 566 1056 646 declarat,
1080 574 1113 631 et
1137 567 1297 634 concludit

136 653 342 720 differentiam
371 656 458 719 inter
484 656 695 738 cognitionem
719 656 786 721 Dei.
822 672 904 736 quae
930 655 1061 736 propria
1083 662 1132 719 est
1154 657 1241 720 beati
1264 663 1298 723 et

137 743 343 825 cognitionem
367 742 508 821 viatoris,
531 745 649 807 nonin
672 743 856 823 eopositam
880 760 949 807 esse
972 743 1056 824 quod
1077 742 1131 807 ille
1147 742 1297 823 didacide,

136 831 307 895 bisantem
334 830 466 895 obserere
492 828 551 894 Dei
576 832 747 896 essentiam
771 831 884 897 videat.
919 831 1030 894 sedin
1053 829 1113 895 hoc
1136 830 1219 912 quod
1242 830 1296 896 ille

138 918 215 995 vida,
251 918 397 982 hicnon
417 918 503 982 videt
525 919 695 983 essentiam
719 918 788 982 Dei.
823 918 873 981 En
896 918 994 982 verba
1016 917 1047 982 S.
1072 919 1216 984 Doctoris
1243 936 1296 1000 qq.

138 1006 178 1071 dd
200 1005 241 1070 de
266 1006 371 1071 Verit.
395 1024 425 1087 q.
454 1009 502 1069 18.
527 1024 556 1070 a.
583 1012 610 1070 l.
648 1006 801 1084 „Quidam
826 1006 982 1079 dixerunt,
1007 1007 1091 1086 quod
1114 1006 1215 1070 Deum
1238 1025 1297 1087 per

136 1094 299 1158 essentiam
333 1093 444 1158 videre
476 1111 538 1157 non
569 1094 671 1158 solum
699 1095 853 1173 contingit
881 1094 913 1157 in
943 1096 1060 1175 patria,
1096 1094 1153 1157 sed
1179 1095 1211 1158 in
1235 1096 1296 1170 via,

136 1182 271 1262 quamvis
295 1198 362 1244 nou
384 1182 431 1245 ita
452 1181 591 1262 perfecte
614 1183 646 1247 ln
668 1182 719 1245 via
743 1182 823 1245 sicut
846 1181 878 1244 iu
901 1183 1007 1262 patria
1030 1232 1037 1244 .
1062 1232 1068 1243 .
1094 1234 1100 1247 .
1125 1181 1189 1246 Sed
1210 1182 1294 1246 istud

135 1270 245 1335 dictum
270 1269 469 1334 contrarium
501 1276 551 1333 est
573 1268 756 1349 Scripturae
778 1269 967 1333 testimoniis
997 1287 1078 1350 quae
1101 1270 1302 1335 concorditer

133 1357 289 1421 indivim
313 1356 435 1420 visione
456 1356 687 1422 beatitudinem
710 1357 854 1421 ultimam
878 1355 1013 1421 hominis
1036 1363 1167 1439 ponunt.
1204 1354 1297 1422 Unde

133 1462 164 1508 ex
190 1443 253 1509 boc
275 1444 351 1527 ipso
380 1443 465 1525 quod
494 1443 608 1525 aliquis
633 1446 733 1509 Deum
764 1463 822 1525 per
849 1445 1020 1508 essentiam
1052 1445 1148 1523 videt,
1182 1445 1296 1510 beatus

133 1536 204 1598 est.
232 1581 241 1595 .
265 1581 273 1594 .
309 1530 381 1595 Non
405 1536 455 1595 est
477 1538 584 1596 autem
608 1531 765 1614 possibile,
791 1538 826 1596 ut
850 1531 978 1596 ultimus
1000 1533 1154 1597 terminus
1176 1532 1297 1613 perlec-

132 1618 217 1684 tionis
231 1618 399 1683 humanae
415 1620 592 1703 accipiatur
606 1619 778 1684 secundnm
794 1619 931 1701 aliquem
947 1619 1072 1684 modum
1088 1619 1297 1702 intelligendi,

134 1707 197 1787 qnia
218 1708 253 1772 in
276 1706 353 1772 istis
375 1707 476 1771 modis
497 1706 693 1787 intelligendi
717 1713 849 1789 possunt
872 1707 1065 1771 considerari
1087 1704 1202 1772 infiniti
1225 1726 1297 1791 gra·

137 1794 194 1871 dns
223 1812 291 1877 quo
323 1810 407 1858 unus
440 1794 502 1859 alio
534 1793 707 1879 perfectius
739 1794 906 1877 intelligit3
942 1795 1025 1859 unde
1057 1800 1184 1875 oportet
1213 1797 1296 1877 quod

140 1880 253 1947 ultimus
277 1883 438 1947 terminus
468 1881 626 1947 humanae
647 1881 847 1964 perfectionis
874 1883 972 1947 sitin
1001 1883 1209 1963 intelligendo
1239 1883 1296 1948 ali-

146 1968 211 2049 quod
227 1966 500 2053 perfectissimum
523 1969 732 2052 intelligibile,
755 1971 838 2052 quod
862 1976 912 2035 est
935 1970 1072 2034 essentia
1096 1970 1213 2034 divina.
1260 1973 1297 2035 ln

151 2054 200 2121 boc
211 2058 308 2139 igitur
323 2074 533 2139 unaquaeque
554 2058 718 2123 rationalis
734 2064 882 2123 creatura
897 2058 993 2122 beata
1008 2064 1066 2136 est
1091 2057 1174 2138 quod
1190 2074 1298 2122 essen·

156 2142 208 2207 b'rn
227 2144 291 2210 Dei
315 2144 414 2222 videt,
438 2163 499 2209 non
516 2164 553 2211 ex
576 2163 615 2209 eo
639 2146 722 2227 quod
744 2146 789 2210 ita
814 2145 945 2226 limpide
960 2147 1008 2209 vel
1033 2144 1169 2227 plusve]
1192 2146 1296 2209 minus

151 2246 198 2295 nn
216 2232 316 2299 videt.
354 2230 425 2297 Nou
447 2232 546 2314 igitur
560 2233 638 2297 visio
662 2234 746 2298 beati
768 2234 922 2297 avisioue
944 2233 1075 2298 viatoris
1091 2233 1301 2313 distinguitur

144 2336 189 2398 pcr
205 2318 266 2385 boc
290 2320 376 2401 quod
399 2325 450 2384 est
466 2320 646 2401 perfectius
669 2327 697 2384 et
719 2322 827 2386 minus
851 2323 992 2402 perfecte
1014 2321 1130 2399 videre,
1160 2320 1216 2384 sed
1239 2338 1297 2401 per

143 2404 189 2470 hoc
208 2407 296 2488 quod
321 2413 372 2472 est
395 2406 504 2473 videm
527 2413 559 2471 et
581 2428 644 2472 ooo
667 2408 803 2473 videas

673 2618 759 2686 VIII.

234 2756 360 2822 Contra
387 2755 445 2821 bas
478 2757 621 2840 aliasque
654 2758 771 2822 similes
795 2757 1023 2839 Ontologorum
1053 2759 1218 2822 evasioues
1240 2775 1296 2822 no·

139 2845 263 2908 undum
286 2852 345 2922 est,
362 2843 537 2909 Concilium
561 2845 740 2910 damnando
755 2845 943 2926 Beguardos
965 2847 1019 2926 qui
1035 2845 1182 2911 dicebaut
1204 2863 1301 2926 posse

138 2928 230 2995 Deum
255 2933 357 2998 videri
379 2933 421 2997 ab
444 2933 550 2998 anima
572 2934 641 2998 sine
666 2933 786 2997 lamiae
807 2934 942 3016 gloriae,
972 2932 1090 2997 nullam
1113 2931 1226 2997 fecisse
1250 2932 1296 2995 di-

139 3017 332 3084 stinctionem
354 3019 441 3086 inter
463 3021 673 3086 substantiam
697 3026 729 3085 et
752 3021 931 3099 essentiam,
961 3019 1045 3084 inter
1068 3021 1240 3084 essentiam
1263 3027 1295 3084 et

141 3104 296 3185 attrabata
318 3109 405 3172 inter
426 3108 580 3174 visionem
603 3108 721 3174 claram
745 3115 778 3173 et
801 3110 977 3173 obscuram.
1015 3106 1064 3171 Ex
1086 3125 1147 3188 quo
1170 3107 1297 3172 videtur

142 3192 237 3277 colligi
258 3195 474 3261 immediatam
490 3196 550 3261 Dei
572 3196 732 3273 visionem,
756 3202 926 3276 utcumque
949 3214 987 3260 ea
1010 3195 1192 3276 explicetur,
1218 3191 1301 3258 effu-

142 3296 209 3358 gere
229 3299 293 3348 non
315 3300 410 3365 posse
434 3281 566 3349 concilii
589 3284 834 3349 damnationem.

688 3492 743 3558 IX.

237 3628 283 3695 Ut
303 3631 456 3697 brevitati
478 3631 670 3712 consulatur,
695 3633 868 3698 omittimus
890 3632 973 3696 banc
995 3630 1208 3695 immediatam
1232 3630 1293 3696 Dei

144 3715 339 3794 cognitionem
363 3718 523 3784 conciliari
554 3737 616 3784 nou
639 3737 732 3802 posse
755 3737 826 3784 cum
849 3719 913 3784 alia
938 3719 1074 3783 veritate
1098 3717 1253 3783 catholica
1275 3737 1295 3782 a

145 3797 227 3868 Cone.
248 3804 420 3870 Viennensi
444 3804 611 3885 (Clement.
636 3808 675 3872 de
698 3807 826 3872 Summa
848 3807 959 3873 Trinit.
984 3812 1017 3870 et
1039 3806 1107 3870 Fid.
1137 3805 1219 3870 cath.
1242 3806 1299 3870 tit..

90 3926 92 3935 ·
146 3891 187 3968 4.)
208 3888 344 3972 definita
379 3899 412 3958 et
433 3895 468 3958 in
490 3892 698 3959 Lateraneusi
722 3896 780 3960 sub
802 3894 909 3960 Leone
932 3895 961 3958 X
985 3894 1171 3958 confirmata
1193 3893 1293 3974 (Sess

144 3972 209 4041 Vm
229 3997 297 4044 can,
321 3980 495 4063 Apostolici
516 3982 652 4065 Regim.)
680 3982 803 4061 „anima
825 3981 1019 4047 intellectiva
1042 3987 1090 4046 est
1112 3980 1213 4046 forma
1236 3979 1300 4045 hu*

1353 3693 1360 3741 l

146 4064 219 4129 naui
240 4069 381 4151 corporis
402 4088 460 4152 per
483 4088 517 4134 se
540 4076 572 4133 et
595 4069 836 4136 essentialiter“.
871 4069 950 4133 Nam
973 4088 1011 4133 ex
1033 4069 1094 4134 hac
1115 4067 1300 4134 delinitione

147 4153 272 4246 sequtus
294 4156 433 4221 animaru
455 4176 519 4222 uon
541 4175 633 4238 posse
656 4157 848 4222 naturaliter
875 4174 1063 4240 cognoscere
1085 4155 1297 4223 immateriale

147 4253 174 4298 n
197 4256 228 4306 se
254 4244 335 4326 ipso,
371 4244 427 4309 sed
457 4246 517 4310 sub
545 4243 646 4309 forma
683 4245 790 4327 aliqua
820 4244 974 4323 sensibili3
1009 4262 1079 4309 curn
1114 4250 1223 4308 notum
1252 4245 1295 4309 sit

148 4324 256 4395 axioma
274 4330 409 4411 „Modus
431 4332 583 4414 operandi
606 4331 774 4398 coniormis
797 4338 847 4397 ost
867 4332 961 4397 modo
977 4331 1160 4396 existendi“.
1194 4329 1301 4396 Omit-
