2872 4874
554 333 593 379 nn
617 334 799 380 nimirums.
1203 322 1264 381 149

127 471 204 536 tinum
223 472 398 539 mnstitutu
419 470 556 549 luerunt,
575 473 636 536 imo
667 478 697 536 et
720 474 761 537 ad
782 490 821 537 ea
844 490 925 554 quae
947 472 1094 554 deinceps
1116 475 1265 540 constitui

129 565 238 640 pacet
292 559 412 626 Metire
444 560 599 642 siquidem
632 560 711 642 legis
742 560 947 626 Tridentinae
969 578 989 625 a
1011 566 1166 642 tompore,
1198 563 1265 627 sive

130 647 288 800 ugusttegmsievse
313 652 387 730 post
418 645 605 727 Concilium,
641 648 1044 777 independentiaprorsus
1071 666 1142 714 esse
1164 651 1265 714 mani-

148 979 263 1044 ladatta
285 979 461 1061 apostolica
484 980 658 1061 Episcopis
673 1001 737 1061 per
760 987 860 1046 totam
881 982 1084 1062 episcopatus
1106 986 1227 1062 tempas

192 1085 373 1150 accessoria
390 1104 456 1165 pro
479 1088 542 1150 toto
564 1086 766 1166 episcopatus
788 1090 926 1166 ternpore
950 1086 1172 1151 concedantar.

119 1250 121 1256 ‘
201 1241 330 1308 Indulta
360 1243 524 1325 Episcopis
559 1260 707 1308 concessa
739 1259 797 1322 pro
819 1240 1026 1308 facultatibus
1057 1261 1140 1324 quae
1169 1243 1262 1326 huJus

127 1334 178 1394 suut
194 1331 318 1414 generis
342 1336 378 1396 ut
400 1330 576 1412 Episcopus
606 1329 644 1395 iis
667 1330 788 1412 pariter
809 1330 952 1412 indigere
975 1350 1033 1412 per
1055 1337 1157 1398 totum
1180 1333 1262 1412 epis-

125 1422 245 1500 copatum
261 1418 385 1497 debeat,
401 1417 585 1482 riderentur
604 1437 666 1483 non
683 1417 903 1484 concedendae
919 1418 961 1483 ad
976 1423 1112 1502 tempus,
1128 1425 1164 1484 ut
1179 1438 1262 1485 nunc

125 1499 157 1583 lt,
173 1525 196 1570 v.
217 1525 248 1589 g.
273 1506 316 1572 ad
338 1524 465 1585 annum,
488 1505 540 1570 vel
572 1506 614 1570 ad
636 1511 710 1585 tres,
735 1508 951 1586 autquinque
974 1524 1084 1587 annos,
1107 1507 1164 1572 sed
1188 1525 1261 1589 pro·

125 1592 275 1660 bulendae
297 1594 339 1660 ad
360 1599 461 1659 totum
477 1600 604 1677 tempus
623 1595 832 1674 episcopatus,
852 1592 947 1674 idque
962 1599 1092 1676 propter
1107 1594 1261 1677 duplicem

125 1676 184 1746 banc
210 1683 386 1748 rationem:
430 1688 460 1745 1ο
494 1700 534 1747 ne
575 1680 739 1763 Episcopis
781 1681 938 1746 inutiliter
978 1681 1162 1764 imponatur
1195 1701 1262 1749 mo·

126 1763 192 1832 lertio
221 1770 277 1834 illa
311 1771 439 1852 petendi
481 1778 548 1834 tam
582 1769 764 1851 frequentes
797 1769 1017 1834 renovationes
1050 1769 1262 1850 indultorum

126 1855 150 1915 l⁰
165 1856 202 1939 (ct
222 1857 300 1922 baec
321 1859 403 1923 ratio
427 1864 477 1923 est
499 1859 684 1939 praecipua)
713 1877 752 1923 ne
774 1861 864 1923 actus
893 1857 1087 1939 episcopales
1110 1858 1202 1924 multi
1227 1866 1259 1923 et

122 1944 284 2025 ,plunimi
315 1963 345 2012 v.
370 1964 400 2028 g.
425 1945 687 2026 dispensationes,
715 1944 927 2011 absolutiones
958 1953 1026 2024 etc,
1061 1953 1259 2028 exponantur

128 2023 242 2097 bulmo
279 2032 437 2098 nullitatis
469 2033 619 2114 periculo,
652 2033 736 2113 dum,
760 2037 881 2098 utnon
909 2030 1050 2112 remit,
1085 2032 1260 2114 Episcopus

129 2114 160 2178 ul
175 2120 236 2201 ejus
259 2121 464 2186 cancellarius
484 2121 573 2186 obliti
596 2120 715 2186 tuerint
740 2120 910 2203 postulare,
933 2125 1074 2202 tempore
1096 2121 1258 2201 requisito,

127 2209 331 2273 procationem
354 2208 557 2275 indultorum.
601 2269 604 2277 .

204 2295 294 2362 Hanc
327 2296 548 2378 obligationem
580 2295 744 2362 obtinendi
779 2314 837 2377 per
878 2296 1013 2375 indulta,
1047 2295 1262 2361 indesinenter

125 2384 294 2462 renovanda,
326 2383 494 2448 facultates
524 2384 566 2447 ad
588 2383 705 2449 bonam
736 2383 875 2448 muneris
905 2383 1022 2465 publici
1046 2383 1259 2448 executionem

125 2473 305 2552 necaranm,
336 2470 457 2550 nullibi,
490 2476 526 2535 ut
556 2477 713 2552 putamus,
747 2470 855 2536 videre
878 2476 928 2536 est
961 2472 1021 2536 nisi
1043 2472 1076 2536 in
1107 2472 1260 2552 regimine

122 2555 321 2639 calciatico,
345 2559 430 2641 quod
453 2569 559 2623 tamen
577 2559 708 2625 deberet
729 2577 799 2624 esse
822 2560 960 2624 omnium
974 2560 1163 2641 regiminum
1186 2560 1260 2624 sirn-

121 2635 310 2728 licissimum,
335 2653 369 2713 et
391 2647 424 2713 in
446 2664 507 2727 quo
524 2651 691 2728 praeterea
712 2645 861 2728 Episcopi
877 2646 981 2712 locurn
994 2647 1261 2729 praestantiorem

116 2724 216 2815 lenem,
240 2753 345 2817 quam,
370 2735 403 2799 in
425 2735 578 2816 regimine
600 2734 737 2816 politico,
761 2733 915 2815 praetecti
937 2739 970 2797 et
993 2733 1149 2800 officiales.

284 2979 336 3045 Dc
358 2977 637 3061 Arcbicpc'scopalc'
658 2979 839 3044 visitatione
860 2977 1069 3044 restituenda.

131 3196 138 3210 ·
201 3119 343 3198 Quilibet
366 3118 628 3201 brchiepiscopus
650 3119 773 3200 debeat,
796 3117 928 3201 singulis
952 3116 1064 3183 saltem
1087 3120 1262 3200 quinqueu-

116 3200 169 3286 11is,
190 3213 320 3272 cunctas
344 3207 504 3272 dioeceses
518 3207 700 3288 provinciae
722 3224 798 3272 suae
813 3207 962 3286 visitare,
984 3205 1037 3270 ubi
1059 3205 1099 3269 de
1115 3207 1260 3271 omnibus

116 3278 263 3376 lingente
285 3295 435 3376 inquirat,
460 3303 492 3359 et
515 3313 594 3375 quae
618 3295 805 3376 corrigenda
827 3312 897 3360 esse
912 3293 1111 3372 videbuntur,
1134 3312 1192 3375 per
1215 3311 1257 3372 se,

116 3373 152 3439 'el
169 3382 321 3450 relatione
344 3383 384 3447 ad
399 3382 576 3449 Romanum
592 3380 777 3447 Pontificem
798 3381 893 3462 iacta,
910 3382 1050 3464 corrigat
1074 3386 1130 3444 aut
1144 3382 1260 3464 corrigi

116 3473 255 3536 trocuret.
445 3530 448 3537 .

200 3557 459 3623 Archidioeceses
483 3560 607 3637 autem,
631 3557 671 3623 ab
695 3556 801 3638 aliquo
823 3556 964 3640 ejusdem
988 3555 1125 3621 nationis
1148 3553 1259 3618 Archi-

117 3638 253 3728 liscopo,
277 3664 297 3709 a
319 3644 461 3711 Romano
484 3643 636 3711 Pontifice
667 3645 708 3710 ad
731 3645 791 3709 hoc
813 3643 994 3727 specialiter
1016 3643 1172 3724 delegato,
1195 3641 1260 3704 sin-

116 3726 178 3798 ulis
201 3733 315 3799 saltem
340 3732 497 3798 decenniis
520 3733 697 3798 visitentur.

116 3963 147 4041 *e
161 3977 432 4060 appellationibus
455 3977 498 4041 cd
512 3976 545 4041 S.
560 3975 672 4042 Sede-m
693 3996 758 4041 aoa
780 3975 998 4052 admittendis,
1014 3972 1128 4038 maisso
1144 3970 1256 4048 medio,

418 4102 517 4164 oreque
532 4102 597 4163 pro
623 4080 795 4146 leuioribus
818 4080 934 4145 causis.

199 4238 438 4323 Appellationes
470 4239 512 4304 ad
544 4237 576 4304 S.
600 4239 730 4318 Senem,
761 4237 876 4304 omisso
908 4236 1008 4299 medio
1031 4232 1187 4299 secundae
1210 4234 1260 4299 in-

116 4329 240 4408 antae,
264 4326 501 4409 metropolitani
524 4325 653 4407 scilicet,
677 4344 741 4391 non
764 4325 916 4391 deberent
938 4320 1076 4400 admitti3
