2872 4874
237 338 302 399 210
736 351 907 400 mammam

343 497 372 556 1.
395 490 507 572 ltaque
528 490 682 572 imprimis
697 489 993 573 animadvertimus,
1018 509 1090 556 cum
1104 510 1168 556 non
1184 492 1278 558 modo
1293 511 1379 557 omnes

236 577 399 645 christiani
420 579 555 645 nominis
578 578 732 658 civitatee,
763 597 936 660 omnesque
959 578 1146 660 uioooeses,
1180 581 1214 644 in
1238 597 1314 662 quas
1333 580 1378 645 dis·

234 665 384 732 tribuitur
407 664 529 732 Sancta
550 665 610 731 Dei
633 665 786 746 Ecclesia,
818 685 928 731 verum
951 667 1050 732 etiam
1073 685 1182 733 omnes
1205 665 1380 732 christifide-

233 753 312 819 lium
334 752 487 819 Nationes
510 770 605 819 suum
619 751 763 819 habeant
786 753 954 820 coelestem
968 761 1148 836 patronum,
1171 773 1267 837 quem
1288 755 1379 820 solem·

233 842 316 908 niter
339 841 447 907 colunt
469 845 504 907 et
524 845 737 920 venerantur,
759 841 792 906 id
814 859 965 924 maguum
995 859 1067 908 esse
1089 845 1320 924 argumentum
1341 861 1380 908 rur

235 933 269 996 et
294 933 383 995 totus
413 928 474 994 Dei
505 929 642 1010 populus
676 946 850 1010 omnesque
882 947 957 994 oves
984 947 1124 1011 pascuae
1159 931 1229 1013 ejus
1264 928 1413 996 deheant'

233 1016 368 1100 alicujus
398 1017 485 1082 inter
515 1014 653 1082 Coclites
685 1017 861 1098 patrocinio
894 1017 1094 1098 potissimum
1124 1035 1159 1082 se
1190 1018 1377 1096 committere,

234 1123 371 1187 eumque
392 1104 514 1184 magnis
537 1103 708 1169 sollemniis
732 1105 1013 1187 communibusque
1034 1105 1159 1187 gaudiis
1182 1105 1297 1171 oolere.
1318 1105 1379 1170 Bea-

234 1199 302 1259 tum
325 1210 400 1258 vero
423 1190 609 1272 Josepnun,
632 1191 754 1257 Beatae
776 1191 898 1257 Mariae
921 1211 1047 1274 semper
1070 1193 1211 1275 Virginis
1235 1192 1378 1275 Sponsum

233 1280 319 1347 inter
341 1297 449 1345 omnes
474 1277 610 1344 Coclites
633 1298 705 1345 eum
727 1297 816 1360 esse,
846 1279 900 1361 qui
928 1298 1004 1362 prae
1027 1281 1144 1347 ceteris
1167 1281 1268 1347 totius
1289 1279 1378 1346 Eccle-

234 1367 303 1434 siae
332 1364 451 1434 Christi
480 1371 642 1448 protector
668 1368 860 1450 praecipuus
887 1367 930 1433 ait
958 1369 1211 1449 renunciamus,
1236 1368 1278 1435 ah
1299 1385 1380 1451 caque

234 1472 366 1538 magnos
389 1455 450 1520 sibi
470 1454 607 1519 vindicet
637 1454 788 1534 honores,
820 1473 911 1520 nemo
934 1461 1020 1521 certe
1047 1454 1169 1520 inficias
1191 1455 1238 1521 ire
1260 1460 1363 1538 potest

342 1547 372 1607 2.
399 1542 572 1608 Praeterea
594 1561 666 1608 cum
694 1543 851 1606 innumeri
882 1541 949 1608 fere
981 1545 1046 1608 siut
1068 1542 1314 1623 christifideles,
1342 1542 1381 1625 qui
1424 1540 1426 1545 ’

235 1628 340 1697 divino
363 1630 455 1712 plane
470 1631 624 1696 instinctu
645 1630 679 1695 in
701 1631 770 1712 ejus
785 1631 996 1711 patrocinium
1018 1648 1089 1696 sese
1107 1630 1177 1712 jam
1197 1630 1380 1697 contulerunt

234 1719 350 1801 quique
384 1718 659 1784 vehementissime
690 1724 814 1799 optant,
848 1723 885 1782 ut
915 1717 1034 1784 multus
1066 1718 1168 1784 honor
1200 1719 1234 1784 in
1257 1718 1388 1785 Ecclcrir‘

234 1806 382 1872 universa
411 1805 516 1885 eidem
549 1805 721 1883 habeatur,
751 1823 855 1871 nonne
885 1806 1020 1870 mamare
1042 1806 1211 1871 convenire
1236 1806 1382 1873 dicendum

235 1898 294 1973 est,
316 1897 352 1958 ut
375 1911 469 1975 quem
493 1890 581 1958 Deus
602 1893 734 1958 Jnatnm
756 1891 981 1974 proclamando
1005 1894 1198 1975 amplissimo
1222 1892 1382 1960 honestant

234 1981 410 2063 praeconio,
428 1981 561 2046 eundem
578 1980 725 2045 universa
740 1979 886 2045 Ecclesia
903 1982 1027 2062 magnis
1044 1980 1192 2046 honestet
1206 1979 1383 2048 honorihusi

342 2074 371 2136 3.
395 2072 508 2150 Atque,
533 2086 604 2132 cum
626 2067 771 2133 Ecclesia
794 2073 826 2132 et
849 2066 1009 2147 Christus,
1038 2069 1092 2148 qui
1115 2088 1186 2133 eam
1210 2069 1273 2134 sibi
1296 2069 1383 2151 acqui·

234 2156 307 2222 sivit
329 2159 481 2237 sanguine
503 2173 570 2235 suo,
593 2155 660 2220 sint
675 2156 770 2237 qnnan'
790 2176 857 2219 nno
878 2177 1020 2237 persono
1044 2155 1088 2232 (S.
1105 2156 1218 2223 Thom.
1234 2175 1289 2238 qq.
1303 2156 1379 2234 clrlq.

235 2244 275 2310 de
290 2247 407 2327 gratia)
424 2261 528 2308 nonne
544 2243 620 2308 item
636 2243 790 2322 convenit,
813 2250 850 2307 ut
864 2244 934 2324 ipsa
949 2243 1094 2309 Ecclesia
1108 2245 1141 2308 in
1157 2243 1226 2325 ejus
1242 2242 1380 2326 peculiam

235 2332 466 2414 quodammodo
489 2349 524 2396 se
548 2330 726 2396 committat
747 2332 973 2412 patrocinium,
1003 2350 1096 2412 quem
1119 2329 1270 2397 Christus
1297 2330 1384 2398 hicin

234 2420 329 2485 terris
344 2419 514 2484 nutritium
529 2417 641 2482 hahuit
656 2423 689 2481 et
705 2418 882 2499 custodem3
908 2437 945 2484 ac
961 2418 1088 2485 demum
1111 2423 1148 2483 ut
1163 2420 1279 2485 eadem
1294 2417 1387 2485 Eccle-

235 2507 293 2585 sia,
317 2509 557 2588 qnautaquanta
585 2508 652 2583 est,
685 2504 725 2569 ab
754 2523 790 2570 eo
820 2523 1011 2588 magnopere
1043 2506 1185 2587 postulet
1207 2507 1387 2589 praesidium

235 2599 346 2658 contra
368 2595 551 2657 innumeras
574 2610 703 2671 suorum
726 2592 865 2657 hostium
893 2594 1038 2673 insidias,
1069 2593 1212 2676 illudque
1235 2614 1272 2660 se
1296 2594 1389 2661 obten-

234 2687 338 2745 turam
363 2679 512 2760 confidat,
536 2679 590 2761 qui
612 2699 746 2760 puerum
768 2679 878 2745 Jesum
900 2681 940 2747 ab
963 2682 1085 2747 insidiis
1107 2681 1272 2747 vaferrimi
1294 2681 1390 2748 crude·

233 2767 494 2920 lisqueIHerodifs
518 2769 560 2833 ad
582 2786 693 2833 necem
716 2767 799 2833 Eum
822 2771 1003 2850 quaerentis
1030 2769 1220 2834 incolumem
1243 2769 1391 2836 servavit?

356 2861 390 2920 ta
412 2874 469 2937 pro
483 2862 562 2920 ecto.
851 2869 854 2873 ’
1280 2884 1282 2888 ·

341 2941 374 3008 Si
395 2944 494 3024 igitur
514 2943 566 3008 hic
589 2942 722 3024 supplex
743 2941 871 3008 libellus
895 2950 1013 3022 noster,
1037 2963 1131 3025 quem
1153 2947 1283 3011 nomine
1306 2947 1392 3011 etiam

234 3028 432 3096 subditorum
456 3034 636 3095 nostrorum
655 3048 746 3096 sacro
769 3035 803 3095 et
823 3032 1075 3113 auspicatissimo
1092 3031 1305 3100 Oecumenico
1321 3031 1394 3099 Cou-

234 3117 305 3183 cilio
328 3117 481 3184 Vaticano
505 3116 678 3197 offerimus,
710 3118 757 3182 ita
779 3118 915 3201 henigne
939 3120 1126 3202 excipiatur,
1160 3125 1195 3184 ut
1220 3119 1394 3187 Conoaln'nri

237 3203 466 3271 Constitutione
501 3205 705 3285 decernatur,
751 3205 864 3272 dehinc
886 3210 1014 3289 ¹terque
1047 3211 1223 3290 quaterque
1259 3208 1394 3274 Beonan

234 3291 424 3372 Joaeplnnm,
455 3293 574 3359 Beatae
598 3293 719 3358 Mariae
743 3310 869 3375 semper
891 3294 1029 3377 Virginis
1062 3295 1230 3377 Sponsum,
1267 3296 1308 3361 ab
1332 3296 1392 3360 uui-

233 3397 327 3444 versa
348 3380 492 3447 Ecclesia
522 3381 704 3447 solemniter
736 3380 957 3446 honorandum
986 3387 1019 3447 et
1048 3383 1213 3449 colendum
1236 3390 1391 3457 essetau·

234 3485 330 3548 quam
346 3470 485 3534 omnium
501 3467 761 3534 christifidelium
783 3469 950 3534 coelestem
977 3470 1188 3553 eximiumque
1210 3471 1391 3544 Patronnoa

233 3573 292 3635 pro
315 3561 400 3621 certo
432 3555 544 3621 haberi
573 3563 680 3638 potest
710 3576 859 3639 magnam
887 3556 976 3621 illam
1006 3564 1210 3640 sanctamque
1233 3557 1391 3634 laetitiam,

234 3661 329 3724 quam
353 3661 444 3707 nemo
469 3643 603 3724 dubitat,
627 3645 702 3727 quin
725 3644 810 3709 idem
835 3643 1009 3710 Concilium
1033 3647 1098 3710 suis
1115 3644 1391 3711 Constitutiomhus

235 3731 277 3795 sit
300 3729 481 3810 allaturum,
507 3732 791 3797 cumulatissimum
814 3731 892 3798 fore.

324 3869 411 3934 Hrn'c
432 3871 661 3950 postulationi,
686 3871 844 3936 cohibitae
867 3872 918 3935 nte
941 3876 970 3934 9.
995 3871 1116 3935 Martii
1140 3893 1192 3939 nn.
1216 3876 1308 3950 1870,

346 3975 607 4056 subscripserunt
630 3978 673 4038 43
698 3974 874 4041 Concretas
897 3977 1095 4041 diuersorum
1119 3975 1287 4042 Ordnnnm.

713 4199 924 4208 ---—-—-.-

713 4211 780 4217 ...mm
795 4211 924 4220 -Μ
