2872 4874
606 123 647 170 nn
667 121 850 173 nrscnrnan.
1251 110 1315 171 205

173 262 289 365 obrucre
320 263 507 329 conabatur.
555 261 695 345 Etiam
723 261 918 343 tenporibus
940 261 1041 342 hisco,
1073 263 1178 329 adbuc
1207 262 1316 346 gladio

173 350 281 418 Dama
308 356 464 434 exempto,
487 348 628 432 procella
649 348 706 415 illa
727 350 933 416 tenebrarum
957 349 1103 429 advenit3
1125 368 1210 417 ecce
1232 349 1315 417 abac

172 443 236 518 quat
251 439 416 505 bominum
444 437 544 503 millia
569 438 640 519 ipsa
660 435 756 502 illidit
785 437 1022 520 miserrimeque
1045 437 1226 504 contundit!
1269 436 1316 503 lit

172 525 284 607 quidem
303 525 391 591 illam
412 543 433 590 a
455 525 549 608 longe
571 525 733 606 aspiciens,
759 543 830 590 cum
844 524 946 590 adbuc
968 543 1069 592 essem
1091 530 1122 591 in
1144 525 1259 608 patria,
1279 531 1314 591 et

110 632 112 637 ·
171 613 292 680 ibicum
315 614 515 697 adjutoribus
547 613 626 677 meis
647 613 681 677 in
707 611 769 677 hac
790 612 964 678 Academia
990 613 1024 678 in
1045 614 1181 679 minimis
1202 612 1314 680 Sacer-

170 700 240 767 dotio
261 699 474 784 fungeremur,
498 701 632 766 scientes
648 699 827 781 depositum
842 701 966 782 patriae
989 700 1226 783 catholicaeque
1240 699 1315 767 fidei

167 789 244 854 nobis
265 788 484 855 sacerdotibus
500 789 663 868 creditum,
686 789 718 853 iu
733 787 901 867 gemitibus
922 788 1186 855 inenarrabilibus
1208 789 1314 870 patuit

168 893 211 941 cor
241 883 384 942 nocuum
417 875 459 942 ad
488 876 605 956 Deum,
640 880 673 941 et
701 874 852 940 umidum
881 876 950 958 ejus
979 876 1071 943 enixe
1097 875 1313 958 implorantes,

164 962 269 1029 iterum
292 969 389 1045 atque
411 963 529 1029 iterum
552 981 590 1028 cx
612 969 688 1029 tunc
710 961 941 1031 cunabamus:
977 963 1110 1030 Domim
1133 963 1222 1030 salsa
1244 982 1312 1044 nos,

162 1052 306 1128 mmmm!
340 1052 385 1117 Et
398 1050 485 1116 Deus
507 1050 629 1134 adjuut
648 1067 717 1130 nos,
740 1050 927 1132 locutusque
949 1057 1000 1117 est
1013 1051 1121 1134 nobis3
1143 1069 1203 1117 uos
1225 1052 1315 1117 audi-

110 1186 113 1191 .
160 1138 255 1204 rimus
278 1158 351 1205 eum
374 1157 493 1205 arcana
517 1138 615 1204 uerba
635 1156 692 1220 per
715 1138 892 1220 apostolum
914 1136 1111 1218 loquentem:
1146 1139 1315 1222 Proposuit

162 1225 240 1293 Deus
261 1229 296 1292 in
319 1227 555 1309 dispensatione
576 1224 781 1307 plenitudinis
807 1231 984 1306 temporum
1008 1227 1114 1292 omnia
1127 1227 1315 1294 instaurare

159 1315 290 1395 quaein
312 1315 410 1381 coelis
433 1319 569 1394 atquae
591 1314 624 1378 in
646 1318 735 1380 terra
756 1318 832 1379 sunt
853 1313 887 1377 in
901 1311 1015 1381 JESU.
1061 1314 1256 1394 Audivimus
1279 1323 1315 1381 et

159 1397 264 1469 beuti
278 1420 398 1481 sumus,
421 1408 455 1467 et
475 1401 799 1483 superabundavimus
815 1400 940 1483 gaudio,
964 1405 997 1466 et
1018 1401 1051 1466 in
1066 1402 1171 1468 Verbo
1188 1402 1315 1468 Domini

159 1489 263 1555 dicae
284 1495 378 1556 nocte
400 1488 600 1570 meditantes,
623 1490 656 1554 in
678 1489 887 1554 meditatione
909 1494 1021 1554 nostra
1042 1489 1125 1570 ignis
1147 1488 1313 1556 charitatis

161 1580 278 1657 exarsit,
302 1579 436 1643 scientes
468 1577 552 1659 quod
572 1578 606 1642 in
634 1576 768 1642 Nomine
789 1575 893 1642 Just]
920 1577 1026 1641 omnia
1047 1576 1313 1643 instaurarentm·.

162 1663 237 1731 lunc
259 1665 420 1732 recordati
442 1682 551 1730 sumus
579 1669 727 1730 vocatum
748 1662 847 1729 fuisse
868 1663 990 1729 Nomen
1013 1664 1080 1746 ejus
1102 1662 1250 1745 JESUM,
1274 1683 1314 1731 eo

167 1753 234 1832 quud
256 1756 327 1834 ipse
351 1752 473 1818 salvum
496 1751 589 1817 iaciet
610 1751 759 1833 populum
787 1769 879 1817 suum
901 1769 922 1816 a
943 1752 1082 1832 peccatis
1104 1769 1223 1817 eorum.
1269 1752 1314 1817 Et

169 1839 280 1907 ittmm:
305 1839 376 1905 Non
399 1841 503 1907 estin
526 1838 587 1905 alio
611 1838 716 1920 aliquo
739 1839 834 1920 salus,
861 1856 921 1905 nec
943 1839 1030 1905 aliud
1056 1837 1178 1904 Nomen
1200 1840 1311 1905 datum

167 1934 202 1993 aa
219 1926 412 2008 hominibus,
435 1928 469 1993 in
493 1946 554 2009 quo
577 1932 722 2008 oporteat
744 1945 803 1991 nos
825 1925 929 1992 sulum
951 1925 1027 1991 fieri.
1072 1926 1194 1992 Idcirco
1218 1927 1312 1992 hilari

162 2024 361 2098 promptoque
389 2017 494 2081 animo
517 2015 660 2098 adgressi
693 2012 808 2079 fuimus
830 2012 1008 2096 praefatam
1037 2013 1240 2080 Academiam
1266 2015 1313 2078 in·

161 2104 300 2184 stituere,
335 2121 392 2184 per
420 2120 514 2185 quam
546 2101 616 2168 laus
644 2102 740 2185 piem
761 2102 938 2183 decoroque
968 2103 1164 2168 sanctissimo
1186 2100 1312 2167 Nomini

158 2187 252 2259 iisd
285 2195 388 2258 totam
415 2209 474 2274 per
505 2189 633 2256 Italiam
666 2176 809 2256 nostram
841 2191 996 2257 reboaret.
1052 2188 1122 2255 Non
1157 2193 1207 2254 est
1235 2187 1313 2253 mihi

159 2295 251 2362 mens,
262 2278 470 2345 venerabiles
485 2277 608 2359 Patres,
623 2278 752 2343 nomino
766 2275 886 2344 referre
900 2276 1145 2344 clarissimorum
1160 2277 1310 2357 virorum,

159 2367 205 2447 qui
225 2366 302 2433 huic
315 2366 508 2432 Academiae
524 2367 789 2448 subscripserunt,
804 2383 939 2447 quorum
960 2365 1089 2449 plurimi
1104 2364 1200 2431 decus
1213 2369 1313 2446 atque

158 2455 288 2521 mxima
322 2453 425 2536 gloria
454 2453 629 2536 Religionis
663 2459 696 2519 et
718 2454 843 2535 patriae
866 2459 996 2519 nostrae
1018 2453 1059 2518 ad
1085 2453 1312 2537 Episcopatum

160 2542 262 2622 mecm
287 2559 376 2607 nuno
393 2543 427 2606 in
448 2541 580 2607 Nomine
596 2541 698 2608 JESU
719 2540 884 2607 nobiscum
898 2541 1092 2623 cougregati,
1116 2541 1199 2607 hene
1221 2558 1314 2606 sauc-

159 2632 216 2695 iam
237 2628 399 2712 Synudum
423 2629 582 2709 decorant,
611 2635 644 2694 et
665 2648 723 2694 nos
745 2627 871 2693 illorum
894 2630 1141 2710 subscriptiones
1164 2633 1313 2694 accurate

160 2719 305 2799 usquein
328 2716 410 2782 hanc
432 2717 515 2783 diem
538 2717 740 2782 servavimus.
786 2716 1013 2797 Benedixitque
1035 2715 1190 2781 Dominus
1211 2714 1313 2781 humi·

159 2801 232 2871 libus
254 2805 414 2886 obsequiis
444 2805 669 2886 laboribusque
699 2805 830 2884 nostris,
866 2805 958 2870 etin
985 2821 1083 2868 annos
1115 2803 1313 2886 undeviginti

161 2893 210 2959 sub
242 2892 505 2976 auspicatissimis
538 2892 704 2974 praesidiis
737 2897 806 2956 tum
841 2891 889 2956 Pii
912 2890 973 2955 ΡΡ.
1006 2892 1109 2957 octavi
1139 2896 1207 2955 tum
1231 2891 1312 2957 Gre-

163 2980 232 3058 gorii
251 2979 314 3047 ΡΡ.
338 2979 450 3046 decimi
473 2981 562 3062 sexti,
584 2986 653 3044 tum
669 2979 802 3062 alicujus
826 2998 865 3043 ex
886 2978 1074 3045 clarioribus
1089 2978 1174 3059 viris,
1198 2979 1313 3059 quibus

110 3116 115 3137 .-
164 3081 222 3131 eam
243 3067 429 3148 dicavimus,
463 3068 544 3134 bene
565 3084 779 3149 prospereque
800 3066 973 3132 Academia
1006 3071 1116 3132 nostra
1147 3067 1311 3148 processit,

110 3168 112 3175 ·
164 3167 269 3237 perque
283 3173 355 3221 eam
376 3154 500 3237 repleta
515 3160 565 3221 est
585 3160 673 3220 terra
687 3161 799 3220 nostra
813 3155 909 3220 laude
928 3154 1155 3236 jucundissima
1170 3153 1313 3219 Nominis

110 3304 112 3311 .
165 3236 269 3322 susm
304 3249 339 3308 at
359 3242 482 3309 Nomen
503 3242 607 3308 JESU
636 3243 670 3307 in
692 3243 752 3308 hac
782 3247 893 3308 nostra
916 3241 1087 3307 Academia
1110 3239 1312 3307 clarificatum

167 3324 333 3396 dedicavit
356 3330 508 3398 eamdem.
558 3330 633 3413 Ipsa
654 3348 789 3412 namque
819 3330 859 3395 ab
892 3330 1003 3396 eodem
1026 3331 1224 3396 sanctissimo
1248 3328 1311 3394 No-

165 3415 243 3498 mine,
265 3419 351 3500 quod
365 3436 442 3499 prae
456 3436 491 3483 se
506 3417 629 3484 ferebat
644 3424 760 3497 erecta,
778 3418 942 3483 asummis
957 3416 1171 3495 Pontificibus,
1196 3415 1311 3481 aNea·

164 3500 299 3574 politunis
331 3504 603 3588 Archiepiscopis,
636 3524 784 3570 necnon
816 3506 856 3571 ab
886 3506 1051 3586 utriusque
1078 3504 1200 3570 Siciliae
1222 3504 1312 3584 Rege

162 3586 329 3670 adprobata
363 3612 421 3675 per
450 3611 558 3658 omnes
588 3593 702 3658 Italiae
732 3594 877 3658 civitates
910 3591 1081 3659 honorifice
1105 3590 1310 3657 dilatabatur.

156 3667 203 3763 Ab
215 3699 272 3763 ego
289 3680 448 3762 gloriabar
470 3681 503 3746 in
519 3682 652 3746 Domino
668 3689 797 3763 propter
811 3680 1052 3746 Sanctissimum
1067 3678 1169 3744 JESU
1188 3677 1312 3743 Nomen

152 3769 185 3856 m·
203 3766 384 3849 Academia,
410 3775 442 3833 et
463 3769 665 3835 Academiam
688 3771 721 3834 in
745 3768 950 3835 Sanctissimo
964 3767 1068 3834 JESU
1087 3766 1221 3831 Nomine
1242 3771 1312 3830 tam

147 3853 229 3921 ¹¹¹1oe
258 3854 471 3922 clarifimtam.
524 3856 568 3921 Et
591 3875 679 3937 ecce,
710 3857 916 3923 Venerabiles
939 3856 1063 3935 PatreS,
1094 3858 1168 3934 post
1191 3853 1312 3934 aliquot

141 3938 248 4008 a'Inus
269 3943 356 4010 iacta
377 3951 427 4009 cst
450 3963 546 4026 super
575 3958 626 4009 me
649 3944 763 4010 Manus
786 3945 913 4010 Domini
938 3943 1053 4009 tollens
1076 3959 1126 4005 me
1149 3959 1167 4005 e
1190 3940 1310 4022 gremio

136 4004 281 4096 fram
310 4038 345 4097 et
366 4049 487 4113 ponens
515 4030 707 4114 Episcopum
730 4051 843 4115 regere
870 4032 1073 4098 lectissimam
1104 4034 1230 4109 partem
1252 4027 1315 4092 Do'

133 4093 262 4184 ‘lasiae
295 4120 357 4184 Dei
390 4137 483 4199 quam
517 4121 685 4199 acquisivit
718 4121 872 4202 sanguine
910 4137 977 4186 suo.
1034 4117 1122 4183 Tunc
1154 4135 1171 4182 e
1205 4115 1313 4182 modio
