2872 4874
502 1365 666 1437 SECTIO
696 1367 925 1439 SECUNDA.

162 1555 553 1676 rosuunuru,
592 1557 769 1692 onan
802 1560 1178 1662 nunrmurrr
1211 1563 1299 1663 un

483 1750 944 1852 nisornnrnru.

548 2120 577 2201 1.
613 2119 880 2204 posituim

304 2313 587 2380 conrnunruu
611 2313 799 2380 dautran
821 2245 1130 2384 nersooeonuu.

503 2575 761 2643 Eminentissime
785 2577 936 2644 Praenes!

220 2735 372 2819 Episcopi
395 2737 449 2818 qui
471 2742 655 2817 praesentes
674 2736 800 2802 litteras
815 2738 1082 2821 subscripserunt,
1097 2737 1299 2804 Eminentiae

143 2819 279 2902 Vestrae,
303 2829 346 2902 et,
371 2842 427 2905 per
449 2823 546 2902 illam,
573 2822 723 2889 Patribus
739 2823 779 2888 ad
795 2826 1002 2890 examinanda
1022 2827 1185 2907 postulata
1200 2826 1297 2908 depu-

140 2911 219 2991 atis,
244 2909 383 2978 offemnt
405 2915 437 2977 et
460 2909 712 2976 oommendatum
736 2912 868 2994 cupiunt
889 2913 1051 2994 scriptum,
1076 2913 1298 2995 praesentibus

139 2995 251 3064 litteris
275 3018 444 3077 annexum,
469 2998 519 3064 oui
542 2999 667 3065 titulus:
694 2999 888 3081 „Postototo
904 2999 1088 3081 opturatos
1111 3001 1298 3066 Galliarum

137 3084 306 3168 upoapts
333 3085 390 3154 SS.
421 3085 501 3151 DD.
533 3086 610 3154 NN.
645 3086 725 3153 1³10
748 3085 910 3153 PAPAE
929 3085 994 3152 IX.
1024 3094 1052 3153 et
1088 3087 1298 3154 Sacrosoooto

137 3173 276 3240 00²³on
305 3175 460 3239 Vaticano
483 3181 662 3240 reverenter
677 3176 881 3256 propositas

220 3281 311 3345 Haec
333 3279 504 3361 postulata,
529 3298 586 3344 seu
608 3280 712 3361 potius
729 3287 812 3358 vota,
837 3298 875 3345 ao
890 3278 952 3344 fine
968 3280 1093 3345 anobis
1109 3280 1297 3363 simpliciter

133 3366 318 3449 offeruntur,
341 3373 378 3432 ut
399 3368 547 3450 prudenti
569 3367 683 3433 Vestro
706 3368 902 3450 Patrumque
930 3368 1155 3448 deputatorum
1179 3368 1297 3449 judicio

133 3456 385 3539 perpendantur,
415 3461 449 3520 et
472 3454 595 3521 exiliis
619 3455 762 3536 depromi
784 3456 898 3537 possit,
929 3460 963 3519 et
984 3455 1191 3520 sacrosancto
1216 3454 1297 3522 Con-

133 3543 203 3610 uilio
227 3543 389 3622 submitti,
422 3542 573 3624 quidquid
603 3543 732 3622 melius,
768 3543 975 3625 opportunius
1004 3549 1037 3608 et
1064 3542 1172 3608 utilius
1195 3544 1296 3608 risum

135 3628 238 3710 fuerit,
263 3630 305 3696 ad
327 3630 386 3695 Dei
409 3630 554 3712 gloriam
578 3629 664 3695 Cleri
686 3627 982 3710 sanctificationem,
1014 3631 1190 3695 animarum
1212 3630 1296 3696 salu-

133 3723 208 3798 tem,
232 3718 456 3799 Eoolesiaeque
479 3719 647 3783 utilitatem
670 3719 909 3801 procurandam.

221 3806 432 3887 Quapropter,
456 3806 531 3871 licet
554 3825 593 3871 ea
616 3806 724 3885 uiuitis
748 3814 833 3871 certe
849 3805 1015 3888 Episcopis
1029 3805 1155 3887 placere
1177 3808 1297 3870 noveri-

134 3911 213 3975 mua,
238 3915 258 3960 a
281 3895 391 3975 paucis
418 3898 542 3959 tanturn
565 3894 765 3959 nihilominus
788 3895 931 3959 duximus
962 3892 1204 3971 subscribenda3
1228 3898 1296 3957 tum

136 3999 173 4046 ne
200 3983 412 4067 importunius
442 4000 537 4062 agera
565 3982 761 4060 videremur,
796 3986 866 4044 tum
897 3986 933 4044 ut
964 3979 1094 4045 liberius
1126 3981 1296 4044 examinari

138 4076 276 4149 possent,
301 4086 383 4150 quae
405 4087 468 4133 non
489 4071 663 4152 petentium
687 4068 889 4133 multitudine
912 4073 1116 4148 urgerentur,
1146 4067 1204 4131 sed
1227 4068 1296 4132 sola

134 4173 241 4222 rerum
275 4158 449 4238 petitarum
484 4157 660 4239 gravitate,
698 4157 859 4238 aequitate
893 4162 927 4220 et
965 4154 1106 4219 utilitate
1140 4172 1297 4220 commen-

135 4244 297 4311 darentur.
