2872 4874
460 299 499 345 ll!
523 298 665 346 recussis
689 298 818 345 cuniam.
1177 289 1218 350 43

53 437 273 520 conjungatur,
298 443 367 503 tum
383 456 566 519 perversam
591 456 698 502 eorum
714 438 917 515 sententiam,
942 440 996 518 qui
1013 442 1219 521 contendunt,

56 526 213 592 Ecclesiae
245 544 309 591 non
337 543 417 605 esse,
451 525 491 589 de
517 525 612 607 hujus
644 525 839 606 principatus
870 525 970 591 ciuilis
997 527 1040 590 ad
1071 531 1220 607 generale

10 690 12 695 ,
56 614 244 680 chnstianae
266 613 463 696 reipublicae
485 614 601 679 bonum
624 613 777 679 relatione
806 613 965 695 quidpiam
989 632 1059 678 cum
1083 620 1220 682 auctori-

56 710 118 769 tate
140 702 353 781 constituere3
377 701 519 783 adeoque
542 700 640 767 licere
663 700 826 766 catholicis
849 700 1038 779 hominibus,
1069 702 1110 766 ab
1133 704 1220 771 illius

10 776 16 799 '
58 791 265 856 decisionibus
288 789 467 855 haedere
490 789 584 855 editis
607 789 757 854 recedere
778 787 936 870 aliterque
960 791 1090 855 sentire.

515 1032 654 1099 CAPUT
676 1032 762 1098 XIII.

150 1174 205 1240 De
229 1175 401 1240 concordia
423 1175 509 1239 later
532 1173 710 1238 Ecclesiam
733 1194 771 1234 ar·
793 1173 973 1237 societatem
997 1174 1130 1239 rioilcm.

158 1314 308 1380 Perfecta
336 1314 559 1393 haeccivitas,
592 1331 687 1395 quam
710 1331 820 1377 sacrae
849 1311 974 1378 litterae
1004 1333 1137 1396 regnum
1161 1315 1221 1380 Dei

61 1402 227 1486 appellant„
251 1419 390 1484 superna
412 1401 538 1484 quidem
562 1410 620 1479 est
644 1401 680 1479 si,
705 1401 788 1465 unde
811 1406 882 1466 orta
904 1402 946 1465 sit
968 1407 1074 1483 etqua
1098 1403 1219 1481 tendat,

63 1493 225 1573 agitatur,
258 1489 454 1557 descendens
476 1490 566 1571 quasi
590 1486 709 1553 Christi
736 1506 854 1570 sponsa
877 1488 916 1553 de
940 1488 1026 1554 coela
1049 1495 1082 1554 et
1105 1493 1221 1556 transi-

63 1589 128 1644 tma
150 1579 184 1643 in
218 1578 389 1644 coelestem
413 1576 509 1655 illam,
544 1595 625 1658 quae
647 1594 771 1641 sursum
804 1581 854 1640 est
877 1576 1056 1642 Jecusalem
1078 1597 1221 1644 consum·

63 1675 223 1745 mamrum,
247 1685 320 1731 cum
343 1664 487 1731 Christus
511 1664 677 1730 tradiderit
700 1682 834 1746 regnum
857 1663 924 1729 Dea
948 1670 982 1729 et
997 1664 1095 1744 Patri,
1119 1670 1156 1730 ut
1179 1667 1221 1731 sit

64 1755 139 1819 Deus
161 1754 273 1820 omnia
295 1755 327 1818 in
350 1753 537 1835 omnibus¹l
572 1752 661 1817 Nunc
685 1771 759 1817 vero
776 1751 918 1818 Ecclesia
941 1754 1102 1834 usquead
1127 1751 1221 1820 finem

65 1842 254 1909 saeculorum
278 1842 310 1905 in
333 1841 428 1906 terris
452 1847 547 1922 atque
570 1841 654 1905 inter
676 1847 820 1905 terrenas
844 1839 989 1904 civitates
1011 1840 1115 1906 adhuc
1137 1841 1220 1906 mili-

65 1940 132 2009 tans,
155 1948 198 1994 ex
222 1929 321 1993 ‹livini
343 1928 520 1994 fundatoris
543 1930 591 1992 sui
614 1930 813 2010 amniumque
829 1927 1049 2008 Redemptoris
1072 1929 1221 1994 mandato

68 2018 220 2083 insinum
253 2035 343 2081 suum
374 2025 552 2082 maternum
580 2016 700 2097 colligit
730 2033 839 2081 onmes
872 2021 992 2096 gentes,
1027 2034 1109 2097 quae
1139 2018 1222 2080 sicut

74 2105 157 2171 indole
181 2124 222 2171 ac
256 2105 396 2169 maribus
423 2107 507 2169 inter
537 2123 571 2169 se
600 2105 755 2183 (liveram,
790 2105 838 2169 ita
866 2104 960 2168 etiam
994 2103 1160 2184 multiplici
1188 2111 1221 2168 et

72 2193 142 2258 uria
172 2191 275 2258 ciuilis
297 2192 458 2257 societatis
490 2191 591 2256 forma
613 2198 687 2257 sunt
716 2192 916 2257 constitutae.
975 2191 1036 2268 Qui
1059 2191 1143 2255 enim
1167 2190 1220 2258 ho·

67 2281 163 2361 mines,
201 2279 316 2344 adsui
340 2282 610 2345 conservationem
639 2290 672 2344 et
695 2297 866 2361 congruam
893 2279 1009 2344 rationi
1038 2277 1220 2344 felicitatem

63 2367 274 2450 temporalem,
297 2377 414 2435 nature
429 2367 509 2432 (luce
532 2374 564 2432 et
581 2366 641 2432 Dei
664 2368 814 2433 creatoris
829 2366 1028 2432 ordinatione
1051 2365 1219 2432 incivilem

62 2458 241 2521 societatem
265 2455 417 2536 coierunt,
442 2455 536 2520 iidem
551 2460 587 2519 ut
602 2456 633 2520 in
649 2459 813 2520 aeternum
830 2454 999 2531 salventur,
1024 2455 1056 2519 in
1078 2459 1221 2520 sanctam

62 2542 141 2609 illam
163 2544 362 2621 societatem,
398 2561 478 2625 quae
501 2551 551 2607 est
574 2542 725 2621 Ecclesia,
759 2543 864 2624 gratia
889 2543 946 2607 Dei
969 2541 1143 2608 Salvataris
1166 2561 1221 2609 vo·

61 2639 180 2696 cuntur.
237 2629 317 2697 Cum
349 2632 448 2713 igitur
477 2631 640 2713 utriusque
672 2631 847 2710 sacietatis,⁴
876 2630 951 2697 licet
980 2631 1072 2696 mado
1097 2631 1221 2706 diverso

62 2737 114 2798 pra
137 2718 263 2783 diverso
286 2737 394 2784 earum
418 2719 528 2783 ordine
551 2737 588 2783 ac
611 2715 681 2797 fine,
712 2718 796 2784 Deus
820 2716 942 2783 infinite
965 2726 1092 2784 sanctus
1116 2723 1150 2783 et
1171 2737 1221 2783 sa·

62 2807 148 2886 piens
170 2808 214 2871 sit
236 2813 366 2871 auctor:
390 2825 428 2870 ex
451 2809 521 2888 ipsa
544 2826 649 2872 rerum
672 2815 787 2872 natura
809 2807 893 2872 inter
916 2805 1092 2871 Ecclesiam
1117 2813 1148 2872 et
1171 2824 1221 2871 so·

62 2895 206 2959 rietatem
235 2893 358 2959 civilem
382 2894 430 2958 vel
461 2895 545 2960 iuter
566 2902 750 2978 potestates,
787 2894 900 2976 quibus
923 2900 1057 2975 utraque
1091 2894 1220 2975 regitur,

62 3000 120 3047 non
144 3000 221 3047 sane
243 3000 352 3064 pugna
375 2989 425 3047 est
447 2988 503 3046 aut
525 2983 692 3064 oppositio.

164 3069 246 3147 Quin
270 3070 364 3134 imma
381 3068 523 3135 Ecclesia
544 3071 772 3152 rempublicam
796 3071 927 3134 inaximo
951 3072 1144 3134 munimento
1167 3068 1220 3134 fir·

63 3164 126 3221 mat
147 3176 185 3223 ac
207 3164 325 3236 tuetur,
348 3157 479 3239 ejusque
501 3159 665 3223 securitati
687 3158 848 3240 prospicit.
888 3157 948 3221 Illa
970 3158 1222 3234 oniminstituta

62 3245 102 3309 ad
130 3243 372 3313 sanctificandos
400 3244 552 3323 homines
587 3245 657 3326 ipsa
687 3246 803 3311 virtute
837 3251 869 3311 et
900 3245 1020 3326 pietate
1050 3245 1222 3311 christiana

63 3332 158 3398 bonas
179 3333 276 3398 ctiam
300 3334 382 3399 cives
406 3332 490 3412 lacit,
515 3335 568 3415 qni
592 3334 617 3396 si
641 3333 722 3398 tales
745 3334 816 3413 sint,
842 3333 950 3413 quales
973 3350 1042 3396 csse
1067 3333 1222 3415 praecipit

62 3419 202 3485 doctrina
224 3419 388 3500 catholica,
413 3421 480 3486 sine
504 3421 598 3485 dubio
621 3429 854 3508 magnaerrmt
876 3420 961 3486 salus
985 3420 1224 3500 reipublicam)

62 3506 233 3574 Praeterea
264 3526 337 3573 cum
360 3515 489 3574 terrena
519 3514 660 3589 potestas
682 3510 715 3572 in
738 3509 904 3590 temporali
926 3507 1065 3572 utilitate
1088 3514 1121 3572 et
1144 3525 1220 3589 poe·

62 3614 170 3660 narum
193 3603 282 3661 metu
310 3613 401 3660 suam
425 3596 692 3661 observandarum
721 3595 826 3676 legum
856 3597 1051 3662 sanctionem
1083 3596 1221 3676 positam

60 3682 184 3762 habeat
221 3701 298 3749 vera
321 3683 440 3765 religio,
477 3687 567 3767 cujus
591 3691 623 3749 et
645 3691 752 3750 custos
775 3689 807 3747 et
830 3684 980 3764 magistra
1004 3686 1053 3749 est
1075 3681 1222 3748 Ecclesia

60 3772 224 3850 catholica,
249 3772 471 3837 auctoritatem
487 3771 712 3853 imperantium
727 3771 862 3838 validius
878 3772 1022 3838 doctrina
1036 3770 1221 3851 legibusque

58 3859 169 3925 divinis
193 3857 369 3925 confirmat.
402 3858 562 3940 Praecipit
584 3860 666 3924 enim
689 3859 800 3941 religio
824 3859 979 3925 catholica
1003 3877 1062 3924 sua
1084 3859 1222 3923 auctori-

54 3954 121 4015 tate
151 3948 270 4024 (lirina
305 3951 342 4011 ut
371 3946 513 4013 honrines
540 3947 701 4028 legitimae
730 3949 882 4028 potestati
910 3948 1029 4014 subditi
1061 3947 1124 4010 sint
1156 3965 1220 4011 non

52 4037 156 4103 solum
179 4043 314 4118 propter
336 4035 425 4112 iram,
448 4035 505 4099 sed
528 4035 623 4099 etiam
647 4041 774 4116 propter
797 4036 1062 4111 conscientiam.³)

55 4176 270 4188 -...........---

162 4245 183 4312 ¹)
204 4242 247 4297 cf.
266 4242 334 4296 Heb.
353 4243 415 4299 XII.
434 4246 476 4296 22.
497 4246 544 4310 233
564 4244 585 4295 I.
605 4244 666 4299 Cor.
686 4243 744 4296 xl'.
765 4247 807 4297 24.
827 4245 869 4296 28.

158 4319 183 4382 ²)
205 4313 248 4367 Cf.
268 4316 338 4380 Aug.
357 4313 391 4367 ad
410 4313 564 4367 Marcellin.
584 4329 625 4380 ep.
647 4316 705 4370 158.
724 4329 751 4366 n.
772 4318 812 4367 15.
884 4312 906 4381 3)
925 4312 1001 4367 llam.
1022 4311 1096 4364 Xlll.
1117 4315 1141 4364 5.
