2872 4874
462 322 500 368 DE
524 322 619 369 REBUS
641 323 831 372 montaneis.
1187 314 1226 371 75

49 468 169 526 autem
192 462 353 526 internum
384 464 497 526 mentis
526 461 693 543 cordisque
721 480 885 528 assensum
910 464 1043 528 Romani
1067 464 1228 531 Pontificis

45 550 187 632 judiciis
209 567 280 614 esse
301 549 539 630 praestandum.

168 642 200 703 3.
247 638 383 717 Insuper
413 639 539 702 omnino
567 638 784 717 improbamus
815 654 923 701 eorum
946 637 1093 719 loquendi
1116 646 1149 703 et
1172 641 1228 704 do·

55 725 153 789 cendi
175 727 342 801 rationem,
366 727 418 805 qui
440 725 613 789 temeraria
628 725 764 806 quadarn
787 733 821 789 et
843 733 1052 807 praepostera
1073 727 1228 793 divisione

56 815 145 876 inter
174 819 301 878 coetum
324 813 552 893 Episcopomm
581 821 613 876 et
643 811 806 877 Summum
830 810 1015 878 Pontificem
1037 816 1225 896 excogitata,

59 901 227 981 disputant
250 908 323 964 uter
345 916 453 965 eornm
476 900 622 965 videatur
644 918 714 965 esse
737 901 846 983 major,
870 907 903 965 et
925 901 970 966 sic
998 909 1094 983 capnt
1116 921 1135 966 a
1158 921 1226 968 eor·
1272 920 1278 931 ¹

59 1006 147 1069 pore,
183 988 315 1051 Petrum
347 989 387 1053 ab
416 986 562 1052 Ecclesia
593 987 769 1052 distrahere
799 992 831 1050 et
859 989 1026 1071 sejungere
1056 995 1226 1055 conantur:

60 1077 151 1158 quasi
173 1074 309 1140 fratrum
333 1086 451 1154 ceatur,
481 1093 561 1156 qnos
584 1075 697 1139 Petrus
727 1076 823 1140 etiarn
845 1076 877 1140 in
905 1079 1139 1143 successoribus
1161 1079 1227 1142 suis

64 1161 253 1228 confirmare
283 1163 422 1244 jubetur,
457 1174 566 1244 posset
596 1181 735 1245 unquam
767 1164 807 1227 ah
831 1163 890 1228 Dlo
917 1164 1101 1234 desciscere.
1137 1167 1227 1248 cujus

64 1250 140 1316 tides
170 1270 209 1314 ex
233 1250 352 1315 Christi
381 1251 589 1334 promissione
619 1269 792 1332 numquam
815 1249 951 1329 deficiet;
982 1259 1039 1317 aut
1061 1254 1100 1318 iis
1132 1256 1227 1335 quia

65 1339 158 1403 Petro
191 1338 328 1404 docendi
359 1345 433 1403 sunt
463 1343 496 1402 et
517 1337 733 1416 confirmandi,
770 1339 877 1420 Ipsum
909 1344 1019 1404 contra
1051 1340 1165 1406 docere
1194 1350 1227 1407 et

62 1426 248 1493 confirmare
270 1425 388 1491 liceret.

167 1521 198 1578 4.
244 1513 353 1595 Neque
375 1515 477 1578 minus
500 1515 730 1595 reprobandam
751 1512 928 1593 judicamus
951 1513 1077 1579 illorum
1101 1521 1228 1581 senten·

67 1602 141 1666 tiam
164 1606 197 1666 et
229 1600 346 1682 agendi
373 1603 537 1680 rationem,
565 1604 628 1683 qui,
658 1609 695 1666 ιιι
717 1604 842 1666 errores
864 1620 884 1665 a
906 1601 1049 1667 Romano
1072 1602 1227 1670 Pontifice

70 1690 227 1754 damnatos
256 1691 288 1753 in
315 1689 430 1771 vulgus
459 1688 634 1754 diffundere
662 1691 790 1755 liberius
822 1687 957 1766 valeant,
993 1689 1139 1756 dictitare
1163 1710 1226 1757 non

71 1786 212 1842 serentur
240 1795 350 1840 venam
373 1795 502 1842 sensnm
533 1777 694 1856 librorum,
726 1776 900 1857 exquibus
924 1777 1095 1843 damnatae
1117 1779 1226 1861 hujus·

74 1865 145 2014 {nodi
166 1864 399 2017 prfqlpositiones
423 1873 591 1946 excerptae
615 1872 698 1944 sunt,
722 1883 742 1930 a
765 1862 917 1929 Pontifice
939 1864 1026 1928 haud
1049 1867 1111 1931 rite
1133 1868 1225 1932 intel-

85 1958 176 2017 etum
235 1953 307 2018 isse.

166 2093 256 2174 Quae
279 2093 404 2174 quidem
435 2095 545 2157 amalo
574 2093 781 2157 illustrantur
803 2093 1095 2174 confirmareturque
1118 2093 1158 2158 ab
1182 2095 1226 2159 t'r's

78 2199 140 2261 quac
163 2186 356 2262 sequuntur:

168 2309 197 2369 1.
245 2305 349 2382 Atque
372 2304 419 2367 ita
450 2302 575 2383 quidem
599 2302 717 2366 sentire
748 2320 782 2367 se
805 2301 982 2367 luculenter
1015 2307 1153 2367 testatus
1175 2312 1225 2367 est

69 2391 156 2455 totins
180 2389 248 2455 fere
271 2386 428 2456 Catholici
452 2389 548 2456 Orbis
570 2387 783 2472 Episcopatus
805 2391 985 2471 nuperrime
1008 2389 1128 2454 Rornae
1153 2408 1225 2456 con·

61 2483 220 2560 negatus,
257 2478 332 2542 dum
363 2496 520 2543 summum
543 2475 727 2542 Pontificem
757 2476 891 2543 feliciter
918 2483 1104 2560 regnantem
1133 2496 1225 2559 prae·

64 2565 153 2631 claris
183 2565 270 2631 hisce
292 2565 398 2631 verbis
429 2565 585 2630 allocutus
609 2573 672 2631 est:
709 2564 797 2643 „Non
821 2566 903 2629 enirn
931 2584 1070 2647 unquam
1093 2566 1226 2631 obticuit

62 2671 96 2718 os
110 2653 223 2720 Τιιιιιιι.
259 2652 308 2717 Tu
323 2659 469 2718 aeternas
492 2653 644 2717 veritates
668 2653 870 2732 annunciare,
887 2653 935 2718 Tu
958 2653 1077 2718 saeculi
1100 2672 1225 2719 errores

60 2741 238 2806 naturalem
262 2741 596 2823 supematnralemque
619 2758 725 2804 rerum
748 2741 889 2805 ordinem
913 2747 1009 2822 atque
1031 2742 1103 2823 ipsa
1125 2742 1225 2808 eccle·

52 2829 207 2894 siasticae
231 2827 394 2910 civilisque
416 2831 586 2910 potestatis
608 2827 815 2892 fundamenta
838 2829 1022 2894 subvertere
1044 2829 1225 2895 minitantes

59 2917 235 2999 Apostolici
259 2915 376 2998 eloquii
397 2917 503 2997 gladio
526 2914 693 2998 configere,
718 2915 766 2979 Tu
788 2914 954 2996 caliginem
976 2935 1129 2981 novarum
1152 2917 1224 2983 doc·

59 3007 218 3071 trinarum
241 3005 401 3084 pravitate
416 3011 504 3070 ment
490 3004 576 3068 tibus
600 3000 733 3068 offusam
749 3002 927 3084 dispellere,
949 3001 998 3066 Τιι
1021 3022 1102 3084 quae
1118 3023 1224 3070 neces-

57 3093 145 3157 saria
169 3111 207 3156 ae
222 3091 379 3157 salutaria
403 3096 476 3156 sunt
489 3097 558 3156 turn
581 3090 712 3170 singulis
728 3090 953 3179 hominibus,t
940 3099 1008 3153 tum
1025 3090 1226 3157 Christianae

55 3179 250 3258 familiae,t
236 3185 304 3244 ιιιιιι
327 3178 410 3244 civili
430 3180 515 3243 socie
516 3179 585 3256 tati,
609 3178 764 3260 intrepide
780 3158 886 3258 affari,
904 3178 1045 3254 suadere,
1069 3198 1225 3246 commen-

57 3268 136 3333 dare
168 3269 311 3349 supremi
333 3267 393 3331 Tui
420 3267 586 3332 ministerii
615 3283 648 3330 es
677 3266 813 3330 arbitret
799 3272 870 3333 tzus
903 3276 940 3331 ut
962 3266 1089 3330 tandem
1120 3270 1225 3333 cuncti

57 3360 274 3437 assequantur
296 3355 373 3437 quid
394 3354 551 3419 hominem
568 3352 629 3418 Cat
631 3352 766 3417 holicnm
788 3362 907 3432 tenere,
930 3371 1068 3432 servare,
1093 3373 1130 3419 ac
1152 3374 1224 3436 pro·

55 3441 143 3508 fiteri
166 3449 323 3524 oporteat.
370 3440 432 3506 Pro
455 3460 518 3522 qua
541 3441 653 3505 eximia
675 3458 751 3505 curs
773 3443 924 3506 maximas
948 3439 1115 3506 sanctitati
1138 3443 1225 3507 Tuae

47 3531 183 3613 gratias
206 3530 339 3610 agimus
363 3530 503 3595 habituri
526 3546 632 3593 sumus
656 3530 879 3610 sempiternam
903 3526 1095 3607 Petrumque
1117 3547 1174 3610 per
1189 3549 1224 3595 os

55 3619 109 3682 Pii
130 3618 276 3684 locutum
299 3617 475 3696 credentes
507 3635 589 3697 quae
611 3616 652 3681 ad
675 3616 914 3682 custodiendum
937 3615 1114 3696 depositum
1138 3635 1158 3680 a
1180 3616 1224 3682 Te

56 3706 153 3786 dicta,
187 3703 380 3783 confirmata,
410 3704 538 3786 prolata
560 3708 642 3783 sunt,
666 3721 724 3768 nos
747 3722 871 3786 quoque
893 3703 1035 3781 dicimus,
1060 3701 1225 3769 confirma·

55 3812 139 3873 mua,
173 3794 411 3870 annunciamus,
441 3809 566 3872 unoque
589 3809 643 3856 ore
675 3797 769 3872 atque
793 3792 898 3856 animo
928 3791 1088 3873 rejicimus
1121 3793 1225 3856 omnia

50 3899 142 3961 -quae
173 3880 298 3945 divinae
328 3879 409 3960 fidei,
445 3879 542 3944 saluti
571 3879 757 3956 animarum,
791 3880 852 3960 ipsi
876 3880 1037 3944 societatis
1067 3877 1223 3944 humanae

58 3969 142 4034 bono
166 3970 300 4032 adversa
322 3968 370 4031 Tu
392 3969 460 4049 ipse
482 3966 682 4048 reprobanda
704 3984 744 4031 ac
767 3966 935 4047 rejicienda
954 3966 1168 4047 jndicastw)

60 4111 271 4120 ——.—-...

169 4195 189 4261 ¹)
209 4193 364 4260 Responsio
383 4165 583 4260 Episcoporurn
602 4191 637 4246 ad
663 4192 710 4249 88.
729 4193 762 4249 D.
781 4192 813 4247 N.
834 4190 1072 4257 Allocutionem,
1064 4207 1093 4243 rn
1112 4192 1224 4250 solemn.

61 4263 137 4319 Saea.
156 4264 283 4331 Martyrii
303 4263 349 4319 88.
381 4263 456 4317 Petri
484 4269 511 4316 et
537 4263 622 4326 Pauli,
653 4262 696 4316 die
725 4266 749 4316 1
767 4262 834 4317 Julii
866 4264 943 4327 18673
971 4261 1017 4314 cui
1041 4259 1224 4329 Responsiuni

54 4333 285 4401 subscripserunt
304 4334 447 4400 quingenti
465 4332 524 4387 lere
543 4332 683 4400 Episcopi.
