2872 4874
213 323 263 383 *60
677 386 679 391 ,
714 334 884 384 uminum

212 476 315 540 ‘timus
336 473 467 557 pariter,
490 474 597 555 posita
618 475 801 540 immediata
816 473 876 539 Dei
898 473 1086 556 cognitione,
1110 479 1240 555 rapturo
1255 481 1288 539 et
1307 495 1391 555 pro-

217 562 364 645 phetiam
392 580 456 627 non
480 579 549 627 esse
580 561 714 644 amplius
738 562 989 627 extraordinaria
1019 560 1105 627 facta
1127 568 1161 627 et
1184 561 1389 643 miraculosa,

221 668 258 716 eo
281 651 375 715 modo
404 667 466 731 quo
490 648 689 731 explicantur
716 669 736 713 a
762 649 794 715 S.
819 651 995 732 Augustino
1023 649 1155 731 aliisque
1179 640 1343 716 Patribus'
1356 654 1391 714 et

220 736 421 805 Scholasticis
443 755 500 818 per
523 737 803 803 extraordinariam
825 737 1007 802 intellectus
1023 737 1232 802 elevationem
1256 741 1289 803 ct
1312 755 1392 804 seu-

207 825 364 891 ·tientium
379 823 566 889 facultatum
582 825 828 906 suspensionem.
861 823 1035 890 Nonnullae
1051 825 1156 907 potius
1174 824 1391 908 Ontologismi

220 911 364 995 scqudm
386 912 592 993 attingamus.

784 1120 823 1186 X.

328 1260 566 1343 Ontologismus
599 1260 683 1323 viam
714 1259 777 1324 late
806 1260 921 1326 sternit
954 1258 1184 1325 rationalismo.
1240 1259 1273 1325 Si
1303 1262 1387 1326 enim

207 1365 309 1419 'mens
332 1354 441 1414 nostra
462 1366 526 1412 nou
548 1368 568 1412 a
590 1348 706 1412 creatis
729 1348 825 1412 rebus
848 1348 889 1411 ad
912 1348 972 1413 Dei
995 1347 1206 1430 cognitionem
1229 1349 1387 1428 ascendit,

221 1436 280 1508 sod
300 1437 342 1501 ad
363 1436 579 1503 immediatam
602 1437 671 1518 ejus
696 1436 846 1501 visionem
862 1436 1046 1514 admittitur,
1071 1435 1173 1500 Deum
1196 1435 1390 1501 naturaliter

221 1524 399 1597 intuebitur
421 1543 459 1593 ec
481 1524 573 1588 modo
596 1541 658 1604 quo
681 1527 739 1602 est,
765 1523 884 1591 scilicet
906 1542 970 1589 non
993 1522 1095 1588 solum
1111 1529 1207 1604 prout
1230 1529 1280 1588 est
1303 1542 1388 1590 uuus

207 1613 253 1679 in
275 1617 399 1691 natura,
423 1611 600 1677 sedetiam
623 1616 660 1677 ut
674 1617 724 1676 est
745 1611 849 1675 trinus
864 1612 897 1676 in
920 1610 1079 1692 personis3
1103 1611 1177 1690 quia
1200 1611 1387 1681 immediata

220 1696 355 1780 alianus
378 1699 495 1785 objecti
511 1699 646 1787 cognitio
669 1699 819 1781 postulat,
845 1705 882 1764 ut
905 1699 1065 1780 objectum
1087 1704 1183 1781 prout
1206 1699 1315 1782 reipsa
1337 1706 1386 1764 est

218 1787 310 1852 inse
338 1788 407 1869 ipso
439 1791 659 1869 cognoscatur.
717 1785 870 1869 Mysteria
902 1787 1000 1868 igitur
1029 1803 1129 1865 aeque
1160 1804 1198 1850 ac
1221 1786 1385 1852 naturales

219 1875 370 1943 venatos
403 1894 423 1945 a
446 1881 551 1940 mente
573 1881 685 1943 nostra
707 1873 896 1943 naturaliter
920 1873 1068 1956 cognosci
1089 1878 1228 1955 possent,
1253 1892 1312 1940 uec
1332 1895 1384 1940 ea·

209 1962 364 2027 >¹cederent
397 1963 483 2027 vires
516 1963 647 2027 notione
680 1961 837 2035 hnmanae
871 1961 1113 2044 intelligentiae,
1152 1962 1236 2042 quod
1268 1967 1377 2043 ruane

218 2047 383 2121 affirmant
405 2049 550 2119 nonnulli
573 2049 723 2132 Ontologi
738 2069 786 2114 cx.
803 2069 832 2131 g.
849 2048 987 2115 Thomas
1011 2049 1121 2113 Moruz
1146 2054 1179 2113 et
1193 2047 1376 2114 Franciscus

219 2138 388 2217 Lanariuo,
422 2155 556 2218 quorum
585 2141 661 2203 sunt
687 2138 784 2203 verba
812 2142 924 2204 notata
955 2136 1128 2218 (Enciclop.
1160 2135 1295 2205 scientis.
1327 2153 1381 2219 per

220 2224 306 2291 Tum.
332 2225 422 2290 Moru
446 2244 464 2291 e
486 2223 539 2291 Fr.
563 2225 720 2295 Lavariun
745 2224 806 2290 vol.
825 2231 853 2289 1.
869 2243 942 2306 pag.
960 2229 1033 2303 312,
1060 2221 1382 2302 authorisamus).

219 2311 302 2377 Hinc
323 2318 410 2378 recte
433 2313 594 2378 scribebat
616 2311 749 2383 Zarelli:
777 2310 829 2391 ,Si
851 2331 929 2377 vera
952 2319 1036 2377 esset
1059 2311 1290 2392 Ontologorum
1313 2329 1382 2377 sen·

208 2401 331 2478 tentia,
354 2418 464 2464 omues
486 2399 629 2464 homines
652 2397 840 2464 naturaliter
862 2404 970 2474 esseut
992 2400 1079 2465 beati
1095 2398 1383 2481 comprehensores,
1411 2430 1417 2447 .

208 2495 252 2552 et
275 2489 377 2552 Deum
400 2488 502 2567 ipsum
526 2506 601 2551 vere
624 2486 841 2568 possiderent3
876 2505 935 2551 nec
957 2489 1039 2552 ratio
1063 2490 1148 2552 esset
1170 2504 1228 2551 cur
1250 2486 1384 2550 ulterius

221 2573 357 2653 Christo,
392 2574 608 2655 redemptione
640 2581 673 2638 et
695 2574 841 2651 Ecclesia
872 2574 1068 2656 indigereut“
1108 2573 1194 2656 (Sist.
1225 2572 1323 2639 Filos.
1354 2573 1385 2638 di

209 2661 365 2727 ‘Gioberti
389 2680 455 2743 cap.
481 2669 532 2728 10.
557 2681 587 2744 p.
613 2667 670 2738 30;
696 2662 803 2742 Parigi
829 2665 939 2742 1848).

777 2873 832 2937 XI.
912 2926 914 2931 .

325 3011 417 3081 Viam
438 3012 553 3077 sternit
575 3017 607 3075 et
630 3011 847 3077 Pacideiano.
893 3010 1010 3077 Notum
1034 3011 1179 3076 omuibus
1202 3015 1252 3075 est
1275 3029 1384 3076 rerum

207 3098 513 3182 intelligibilitatem
542 3099 587 3163 nil
608 3099 698 3164 aliud
725 3117 804 3178 esse,
839 3099 899 3164 uisi
921 3098 1024 3180 ipsam
1055 3117 1163 3163 earnm
1193 3096 1385 3164 realitatem.

223 3185 359 3264 „Verum
383 3187 487 3252 estid
510 3187 594 3267 quod
617 3190 684 3252 est“
716 3187 819 3268 inquit
847 3185 878 3251 S.
902 3187 1107 3268 Augustinus.
1164 3183 1207 3250 Et
1230 3185 1309 3250 haec
1334 3189 1385 3250 est

209 3274 300 3338 ‘trotio
324 3293 422 3355 quare
446 3292 554 3339 omnes
569 3273 776 3341 Pantheistae
799 3276 859 3339 toti
881 3275 914 3339 iu
930 3293 968 3338 eo
991 3279 1066 3338 sunt
1089 3279 1125 3338 ut
1147 3278 1264 3353 negent
1286 3272 1384 3343 rebus

219 3363 389 3442 propriam·
410 3361 718 3443 intelligibilitatem,
755 3362 874 3443 optime
905 3361 1116 3443 pervidentes,
1153 3361 1237 3441 quod
1267 3367 1389 3440 negata

208 3448 315 3514 semel
349 3451 444 3514 rebus
478 3449 738 3532 intelligibilitate
772 3450 834 3514 sibi
862 3449 1000 3530 propria,
1035 3449 1181 3530 neganda
1204 3452 1252 3512 est
1288 3447 1388 3513 etiam

218 3537 289 3618 ipsa
312 3555 419 3601 earnm
449 3536 589 3602 realitas.
647 3537 690 3600 At
711 3555 787 3618 uero
818 3536 911 3616 juxta
939 3535 1112 3619 Ontologos
1143 3553 1193 3599 res
1223 3553 1286 3599 non
1309 3542 1389 3600 suut

219 3623 434 3707 intelligibiles
456 3626 490 3689 in
513 3625 634 3708 seipsis,
660 3625 717 3689 sed
738 3624 842 3690 solum
863 3625 897 3688 iu
920 3625 999 3689 Deo.
1044 3623 1144 3705 Igitur
1167 3641 1219 3688 res
1242 3641 1306 3687 non
1330 3623 1388 3686 ha-

157 3726 160 3733 '
218 3711 296 3776 bent
317 3712 352 3776 iu
381 3712 493 3793 seipsis
522 3711 702 3779 realitatem
730 3710 792 3778 sibi
819 3712 990 3795 propriam,
1027 3710 1085 3776 sed
1112 3708 1230 3775 habent
1251 3710 1283 3773 in
1306 3709 1389 3790 Deo,

219 3803 256 3864 ut
278 3799 394 3864 docent
416 3799 628 3866 Pantheistae.
687 3800 865 3874 Praeterea,
896 3801 922 3864 si
945 3799 1056 3865 audias
1079 3797 1262 3879 Ontologos,
1297 3797 1389 3869 Dens

217 3891 278 3964 ast,
301 3887 334 3950 in
357 3904 418 3968 quo
442 3892 473 3953 et
495 3906 553 3968 per
576 3905 670 3969 quem
685 3905 737 3952 res
760 3887 980 3969 intelligimus;
1001 3887 1070 3969 ipse
1092 3891 1141 3951 est
1162 3885 1268 3950 lumen
1290 3884 1389 3950 iutel-

221 3972 340 4055 ligibile
362 3972 519 4053 humanae
536 3974 658 4054 mentis,
683 3993 720 4039 ac
742 3975 875 4056 proinde
890 3976 977 4040 Deus
1000 3973 1138 4055 pertinet
1153 3973 1195 4037 ad
1210 3973 1387 4054 essentiam

207 4061 343 4133 animae
363 4067 503 4140 nostrae,
539 4062 802 4144 quemadmodum
831 4062 872 4127 ad
895 4063 1066 4127 essentiam
1097 4061 1221 4125 animae
1254 4067 1388 4134 nostrae

208 4154 306 4215 xcerte
334 4150 473 4234 pertinet
505 4148 610 4217 lumen
640 4147 848 4231 intelligendi.
911 4148 1001 4214 Adde
1039 4147 1124 4230 quod
1155 4148 1183 4212 si
1214 4147 1302 4211 Deus
1334 4155 1387 4214 est

211 4235 325 4303 lumen
339 4234 540 4319 intelligibile
562 4235 720 4311 humanae
736 4237 859 4317 mentis,
883 4238 990 4303 lumen
1012 4254 1074 4317 quo
1090 4253 1199 4301 omnes
1221 4234 1386 4307 humanae

209 4331 340 4396 utentes
355 4323 540 4407 intelligunt
561 4330 646 4403 esset
660 4325 819 4393 numerice
841 4324 925 4390 idem
946 4342 1006 4391 seu
1026 4324 1060 4391 iu
1075 4323 1221 4388 omuibus
1244 4322 1385 4406 unicum.
