2872 4874
571 347 611 393 nr
635 346 812 438 anseranum.
1213 330 1275 396 195

132 505 200 552 num
223 486 430 552 communiter
459 487 631 551 viventium
663 486 840 568 relinquere
869 485 1043 567 voluerint,
1074 502 1137 551 non
1160 485 1276 570 licebit,

131 575 178 641 nisi
198 574 329 640 obtenta
343 573 469 639 licentia
485 574 525 638 ab
541 572 724 657 Apostolica
737 571 828 654 Sede,
851 580 948 655 prout
967 573 1004 641 fit
1019 593 1039 640 a
1053 573 1276 655 Regularibus.

221 666 251 728 ⁷.
274 659 464 726 Sacerdotes
487 662 540 743 qui
562 662 604 725 ad
633 660 811 743 praelatum
834 659 1018 728 Convictum
1040 678 1077 726 se
1099 660 1275 742 conferunt,

129 749 282 815 mmanus
305 748 481 830 Superioris
504 748 644 830 ejusdem
666 748 789 814 solvent
811 748 942 830 singulis
967 751 1059 816 annis
1080 747 1203 816 tructm
1224 750 1276 815 sui

129 836 297 918 patrimonii
319 854 377 919 pro
399 835 583 901 victualibus
607 835 721 918 quibus
743 835 909 904 ιιιιιιιιιιιι
940 838 995 920 qui
1017 838 1043 903 si
1065 843 1179 902 tenues
1201 838 1276 915 sint,

128 942 173 991 nac
194 926 377 1007 pertingant
399 924 440 989 ad
464 941 635 1005 congruam
650 925 828 1006 portionem
853 942 911 1005 pro
936 926 1021 991 vitae
1047 925 1278 992 sustentatione

128 1013 336 1090 necessariam,
353 1011 499 1093 supplere
516 1011 677 1078 debebunt
699 1030 769 1077 cum
784 1012 952 1077 missarum
968 1013 1182 1095 eleemosynis,
1198 1030 1278 1095 quaa

126 1099 175 1165 sibi
196 1101 415 1182 procurabunt
437 1099 487 1162 vel
509 1100 665 1180 accipient
687 1118 707 1165 a
729 1099 864 1166 Rectore
888 1097 1070 1168 Convictus.

220 1187 255 1254 Si
277 1206 352 1254 vero
375 1186 495 1252 fructus
518 1187 701 1269 patrimonii
724 1187 858 1270 majores
881 1189 945 1254 siut
975 1207 1111 1271 congma
1135 1190 1277 1271 portione

123 1275 347 1359 supradictat
348 1293 410 1340 unc
432 1274 613 1357 pensionem
641 1275 859 1341 tantummodo
892 1276 1016 1342 solvent
1045 1277 1086 1342 ab
1110 1274 1277 1342 Ordinatio

122 1363 301 1429 taxandam:
331 1363 469 1445 reliquos
496 1381 571 1429 vero
599 1361 722 1429 fructus
752 1363 813 1439 sibi
842 1381 1005 1430 reservare
1036 1382 1079 1469 ac·
1097 1363 1179 1429 de‘'
1160 1382 1198 1429 ns
1220 1382 1278 1446 pro

120 1447 218 1517 lubitu
242 1450 408 1531 disponere
433 1455 591 1533 potemnt

223 1539 272 1603 De
295 1540 387 1603 modo
410 1538 570 1603 vivendi
561 1558 594 1603 ιιι
617 1535 787 1620 Convictu,
821 1538 860 1603 de
882 1539 1112 1605 iusubordinat
1088 1545 1130 1604 trs
1153 1545 1188 1605 et
1210 1557 1280 1605 con·

119 1627 297 1692 tumacibus
321 1626 412 1691 dimit
398 1626 526 1707 ttendis,
550 1627 591 1692 de
605 1626 822 1692 vacationibus
845 1625 1014 1708 unicuique
1036 1625 1201 1692 Sacerdoti
1222 1644 1281 1710 per

117 1713 245 1797 aliquod
268 1718 394 1795 tempus
427 1713 648 1792 concedendis,
680 1719 714 1778 et
736 1712 775 1779 de
799 1713 869 1780 aliis
899 1713 1031 1779 minoris
1052 1714 1205 1780 momenti
1227 1715 1280 1796 agi

118 1803 243 1953 poterit)
268 1802 295 1865 si
318 1800 582 1866 Reverendissimi
598 1801 657 1866 Pat
643 1807 710 1867 tres
732 1801 791 1868 hoc
814 1800 942 1867 schema
962 1800 1194 1866 admittendum
1210 1818 1280 1867 esse

117 1890 222 1973 iudica
245 1893 314 1952 unt.

229 1974 358 2042 Utitt
298 1977 358 2040 ιἰιιι
358 1997 391 2041 ea
414 1994 495 2057 quae
519 1994 556 2041 ex
578 1976 639 2040 hac
667 1977 800 2042 domo
790 1995 824 2041 m
847 1977 1004 2042 communi
1027 1975 1199 2041 viventium
1222 1974 1280 2042 Sa·

128 2064 282 2130 cadotum
312 2082 368 2144 pro
391 2063 551 2128 Ecclesiae
582 2056 665 2128 bono
689 2064 848 2146 expectari
878 2069 1025 2146 possunt
996 2068 1134 2128 tsunt
1163 2063 1279 2146 plures,

124 2169 193 2233 qnae
220 2149 444 2216 manifestatae
468 2149 613 2215 offer-‚unt

228 2244 254 2302 l.
277 2238 446 2312 Facilius
438 2259 469 2302 m
503 2256 577 2303 neo·
579 2224 809 2305 sacerdotibus
822 2238 1013 2320 servabitur,
1045 2239 1163 2305 imoet
1185 2256 1281 2321 auge-

120 2325 204 2392 bitur
236 2327 368 2408 spiritus
397 2326 641 2392 Ecclesiasticus
669 2345 707 2392 ac
737 2328 864 2409 pietatis
894 2326 1012 2409 fervor,
1047 2344 1140 2408 quem
1172 2343 1281 2392 recens

118 2413 258 2480 ordinati
231 2419 358 2496 tprae
381 2432 415 2479 se
431 2413 513 2479 ferre
536 2413 648 2495 solent,
672 2419 768 2496 atque
791 2414 981 2498 apericulis
1004 2419 1036 2479 et
1064 2413 1281 2480 occasionibus

118 2503 233 2568 remoti
256 2520 379 2567 morum
394 2501 611 2583 integritatem
627 2503 821 2569 custodient:
844 2503 918 2569 inde
939 2501 1026 2568 zelus
1048 2501 1090 2567 ad
1105 2501 1281 2567 animarum

117 2589 255 2655 salutem
285 2588 482 2669 curandam,
514 2596 547 2656 et
577 2589 619 2654 ad
648 2592 811 2674 paroecias
840 2590 1096 2671 concurrendum,
1128 2594 1282 2671 utpotea

117 2677 239 2744 saeculi
260 2676 520 2744 intractionibus
542 2677 706 2744 immunes.

226 2769 258 2831 2.
282 2763 382 2830 Sacra
403 2763 519 2844 studia,
539 2783 621 2847 quae
643 2767 676 2831 in
693 2764 821 2831 clericis
838 2765 880 2830 ad
893 2767 1107 2831 sacerdotium
1130 2764 1282 2847 promotis

117 2853 215 2921 finem
237 2852 355 2918 habere
378 2852 490 2933 solent,
515 2853 547 2916 in
570 2851 630 2917 hec
654 2854 746 2918 domo
773 2859 1004 2935 prosequentur
1026 2852 1282 2919 neo-sacerdotes

120 2939 265 3022 exemplo
296 2944 468 3006 mutuose
498 2940 670 3005 excitantes
702 2945 734 3006 et
756 2959 814 3022 per
843 2939 1051 3006 conferentias
1083 2958 1163 3021 quae
1192 2941 1224 3004 in
1247 2959 1285 3004 ea

118 3028 326 3095 haberentur.

131 3119 133 3122 ⁴
229 3120 259 3183 3.
284 3109 459 3197 Episcopus
490 3134 528 3180 ex
559 3116 597 3181 iis
621 3113 780 3181 Convictis
811 3114 935 3180 facilius
970 3115 1154 3198 dignoscere
1185 3115 1284 3196 possit

118 3204 252 3286 quinam
275 3203 339 3267 sint
362 3202 462 3283 magis
485 3202 553 3284 apti
588 3203 630 3268 ad
657 3205 818 3285 paroecias
842 3203 997 3284 regendas
1029 3208 1062 3268 et
1092 3202 1155 3267 alia
1177 3203 1285 3267 munia

119 3291 347 3358 Ecclesiastica
370 3290 522 3355 obeunda.

229 3384 259 3442 4.
286 3376 321 3443 Si
355 3383 502 3443 occurrat
532 3377 668 3458 aliquem
702 3396 740 3442 ex
775 3377 823 3443 his
848 3375 1006 3443 Convictis
1042 3377 1171 3442 divitem
1205 3375 1283 3456 fieri,

117 3469 242 3550 poterit
265 3464 440 3548 Episcopus
463 3465 599 3546 aliquem
621 3462 779 3530 Clericum
801 3483 973 3547 pauperem
996 3464 1143 3530 ordinare
1167 3464 1286 3546 absque
1353 3526 1355 3530 ,

119 3554 324 3637 patrimonio,
348 3553 497 3618 alendum
520 3554 646 3619 adamo
670 3553 876 3619 communiter
891 3553 1064 3618 viventium
1077 3552 1287 3618 Sacerdotum

120 3642 301 3725 rmquedum
323 3638 510 3707 beneficium
529 3640 657 3722 aliquod
679 3646 829 3722 assumat,
853 3640 903 3704 vel
918 3640 1044 3705 aliunde
1066 3641 1212 3721 provisus
1234 3640 1286 3704 sit.

229 3728 347 3794 Fateor
371 3729 517 3809 equidem
532 3729 686 3810 propositi
708 3729 846 3793 instituti
868 3728 1045 3793 executioni
1068 3726 1235 3792 nonnullas
1252 3744 1286 3791 se

122 3815 238 3882 offerre
262 3814 464 3882 difficultates
495 3835 532 3882 ac
555 3815 733 3894 obstacula,
765 3820 832 3881 tum
855 3815 978 3880 ratione
999 3821 1179 3897 temporum
1202 3831 1288 3879 acer-

122 3905 246 3984 nitatis,
270 3910 337 3968 tum
361 3904 483 3969 ratione
506 3900 606 3983 Cleri,
642 3904 696 3984 qui
718 3903 750 3967 ιιι
772 3908 844 3968 nost
830 3903 888 3967 tris
910 3908 1054 3984 praesert
1041 3903 1096 3965 tim
1120 3903 1288 3983 provinciis

122 3954 297 4074 quotidie
289 3992 430 4056 imminui
462 3991 613 4073 conspicit
615 4009 666 4070 ur,
700 3996 769 4055 tum
801 3988 905 4056 deiect
891 3994 927 4054 tu
948 3990 1122 4054 mediorum
1145 3990 1187 4053 ad
1209 3988 1288 4054 illud

123 4080 312 4180 erigendum
335 4085 368 4143 ct
389 4077 667 4145 manutenendum.
713 4078 864 4144 Attamen
893 4076 971 4143 haec
1000 4076 1165 4142 obstacula
1187 4095 1289 4179 neque

122 4166 269 4233 forsan
260 4185 293 4231 m
323 4166 443 4232 cunctis
472 4165 618 4231 catholici
646 4165 741 4232 Orbis
772 4165 975 4231 Dioecesibus
1007 4161 1224 4236 sentierunt:
1255 4164 1290 4228 ιιι

122 4254 284 4336 aliquibus
318 4272 381 4318 non
403 4273 443 4319 ea
465 4260 540 4319 sunt
569 4271 650 4334 qnae
672 4254 817 4334 superari
847 4253 972 4319 zelot
939 4259 972 4319 et
999 4252 1219 4334 persistentia
1225 4269 1289 4317 non

121 4343 265 4426 possint:
288 4343 322 4405 in
344 4341 477 4407 caeteris
501 4346 608 4407 autem
623 4342 745 4423 sperari
766 4345 873 4423 potest
895 4347 932 4406 ut
954 4338 1069 4406 futuris
1084 4338 1288 4421 temporibus,

1133 4437 1184 4498 la*
