2872 4874
221 323 261 381 72
278 403 279 408 ἵ
718 334 886 382 mssomm

220 473 460 551 communicare,
485 492 535 538 me
558 472 766 538 libentissime
798 492 869 538 cum
893 473 999 538 debito
1021 474 1181 555 obsequio,
1216 479 1249 540 et
1270 493 1390 540 sacrae

219 569 296 628 tuae
319 579 481 643 purpurae
506 579 594 626 oram
617 561 827 625 exosculando
850 560 1002 641 profiteor

325 667 443 732 Romae
465 685 503 731 ex
527 664 685 731 Canonica
707 666 862 730 Vaticana
884 666 935 730 die
960 671 999 731 23
1024 666 1167 732 Januarii
1193 672 1290 733 1870.

432 788 631 853 Eminentius
652 793 877 854 tuaerevmae

695 945 812 1010 Umum
836 952 869 1010 et
892 947 1074 1026 obseqmum
1097 964 1240 1028 servum

758 1053 789 1116 in
814 1051 852 1114 D.
876 1050 915 1114 N.
938 1050 1016 1115 Jesu
1039 1049 1164 1116 Christo

614 1158 634 1238 †
656 1156 848 1221 Laurentius
872 1156 1048 1238 Episcopus
1072 1157 1278 1222 Salutiarum.

417 1523 489 1587 Emi
512 1530 544 1589 et
566 1525 665 1588 revrini
689 1524 858 1588 Praesides
881 1521 1014 1589 Consilii
1037 1523 1197 1590 Vaticani!

327 1662 429 1729 Credo
454 1672 486 1729 et
511 1662 665 1745 profiteor
687 1665 866 1729 Romanum
890 1663 1076 1728 Pontificem
1107 1682 1325 1730 successorem
1350 1665 1385 1732 B.

222 1751 317 1832 Petri,
342 1759 374 1817 et
397 1752 557 1817 Vicarium
574 1752 698 1816 Domini
717 1752 823 1816 Nostri
837 1751 914 1817 Jesu
931 1750 1051 1816 Christi
1073 1753 1106 1816 in
1129 1753 1234 1832 terris,
1259 1754 1387 1834 quando

221 1859 260 1905 ex
283 1838 442 1904 Cathedra
466 1840 558 1906 docet
579 1839 736 1923 Populum
760 1838 973 1905 Christianum
1001 1841 1035 1903 in
1057 1840 1095 1904 iis
1118 1858 1200 1921 quoe
1224 1841 1386 1922 pertinent

222 1929 262 1992 ad
285 1925 378 1992 fidem
402 1932 434 1992 et
456 1947 569 2006 mores,
594 1946 664 1992 esse
687 1926 906 2008 Infollibilem.

326 2016 517 2080 Prudentiae
548 2022 581 2080 et
614 2015 790 2097 sapientiae
818 2015 1003 2081 sanctitatis
1034 2013 1117 2080 Suae
1147 2013 1215 2078 DD.
1247 2012 1313 2079 NN.
1334 2013 1382 2078 Pii

221 2103 312 2182 Noni,
344 2102 471 2168 afflante
495 2102 615 2183 Spiritu
638 2102 753 2168 Sancto
780 2103 1021 2185 relinquendum
1045 2121 1115 2168 esse
1147 2103 1249 2167 sentio
1280 2108 1385 2167 utrum

222 2189 331 2257 Canon
353 2193 387 2256 in
409 2191 469 2256 hoc
493 2190 631 2257 Concilio
656 2189 862 2256 Oscumenico
886 2192 925 2255 de
948 2190 1008 2255 hac
1031 2209 1065 2255 re
1088 2188 1156 2255 fieri
1180 2190 1284 2256 debet.

327 2297 364 2361 In
388 2297 542 2361 Vaticano
566 2293 706 2361 Concilio
731 2297 782 2360 die
806 2301 844 2359 21
872 2296 1017 2361 ianuarii
1041 2300 1135 2362 1870.

857 2454 996 2518 loannes
1019 2452 1136 2534 Joseph
1159 2451 1270 2534 Lynch

880 2558 1056 2639 Episcopus
1079 2557 1280 2622 Torontinus.

329 2820 399 2902 Ego
428 2819 650 2900 infrascriptos
681 2821 772 2884 enixe
795 2837 871 2900 rogo
903 2824 939 2883 ut
962 2824 1158 2901 preponatur
1187 2818 1221 2882 in
1244 2816 1390 2884 Concilio

207 2907 358 2975 'Schema
382 2908 510 2973 Decreti
535 2907 573 2972 de
595 2906 823 2973 infallibilitate
846 2907 979 2971 Romani
1002 2904 1173 2972 Pontificis.

677 3067 832 3130 Antonius
855 3064 1031 3147 Episcopus
1054 3064 1281 3131 Gaudisiensis.

331 3431 553 3515 Compluribus
585 3432 716 3498 Concilii
745 3433 893 3500 Vaticani
915 3433 1062 3498 Patribus
1093 3431 1321 3515 flagitantibus,
1354 3439 1394 3497 ut

225 3523 346 3604 apertis
377 3540 564 3604 omnemque
596 3521 762 3586 dubitandi
793 3521 894 3587 locum
926 3520 1165 3586 excludentibus
1194 3520 1300 3584 verbis
1330 3519 1394 3586 hoc

226 3609 402 3675 Concilium
425 3611 547 3674 sancire
569 3609 647 3674 velit
671 3627 851 3690 supremam
874 3609 1009 3689 ideoque
1032 3608 1195 3673 aberrare
1217 3609 1392 3672 immunem

225 3699 359 3763 Romani
374 3695 536 3764 Pontificis
552 3698 785 3777 auctoritatem,
802 3715 899 3778 quum
910 3696 1066 3779 praecipit
1082 3714 1163 3777 quae
1185 3697 1226 3760 ab
1241 3695 1394 3760 omnibus

226 3783 489 3852 Christifidelibus
513 3786 671 3851 credenda
694 3792 726 3848 et
748 3785 886 3850 tenenda
907 3802 1027 3865 quaeve
1051 3783 1222 3865 reiicienda
1245 3789 1277 3847 et
1300 3783 1395 3847 dam-

225 3873 332 3938 nanda
353 3874 426 3955 sint,
449 3880 617 3955 postquam
639 3871 804 3938 infallibile
827 3871 1048 3953 Magisterium
1071 3871 1205 3935 Romani
1228 3869 1395 3936 Pontificis

226 3979 289 4040 qua
311 3962 503 4028 successoris
526 3961 556 4028 S.
581 3960 671 4026 Petri
692 3960 848 4041 Principis
872 3959 1099 4040 Apostolorum
1121 3959 1154 4021 in
1178 3959 1242 4023 suis
1265 3975 1394 4023 succes·

226 4049 350 4115 soribus
372 4049 522 4114 Romanis
545 4047 750 4114 Pontificibus
778 4065 903 4128 semper
925 4047 1059 4111 viventis
1082 4045 1200 4111 Sancta
1222 4044 1396 4112 Catholica

226 4135 371 4202 Ecclesia
389 4155 512 4218 semper
535 4135 703 4203 crediderit
725 4141 758 4200 et
779 4133 922 4216 professa
943 4132 1049 4214 luerit,
1073 4138 1168 4214 atque
1191 4133 1262 4198 ideo
1279 4132 1394 4198 Eccle-

226 4223 305 4288 siam
327 4223 501 4290 Romanam
523 4226 556 4289 in
584 4242 647 4305 qua
670 4222 700 4288 S.
725 4222 814 4287 Petri
841 4240 1003 4288 successor
1031 4221 1150 4286 residet
1172 4227 1205 4285 et
1226 4221 1394 4301 praesidet

226 4312 266 4377 ob
289 4311 349 4379 hoc
372 4313 511 4379 omnium
533 4310 748 4383 Ecclesiarum
779 4317 915 4376 matrem
946 4315 981 4376 et
1007 4309 1195 4392 magistram
1225 4309 1396 4389 agnoverit
