2872 4874
158 311 198 369 66
651 325 821 374 rosromm

157 469 296 541 ruemnt,
332 471 364 529 et
386 484 405 528 a
427 482 561 546 quorum
584 465 705 529 insidiis
729 467 883 532 Vaticana
905 468 1049 550 Synodus
1077 470 1185 536 fideles
1209 472 1322 539 Eccle-

155 552 222 617 siae
246 550 326 616 filios
348 554 432 618 tueri
455 552 590 619 debebit.
636 550 819 620 Catholicus
842 556 1000 622 enimvero
1023 560 1167 640 populus,
1193 579 1324 642 semper

156 639 284 704 edoctus
308 646 340 704 et
362 646 518 718 assuetus
542 641 731 719 Apostolicis
754 642 888 707 Romani
910 644 1070 710 Pontificis
1093 648 1231 713 decretis
1254 651 1323 730 ple-

154 728 316 791 nissimum
340 729 455 792 mentis
478 733 510 791 et
533 729 596 793 oris
620 727 804 809 obsequium
833 731 990 811 exhibere,
1015 734 1160 799 Vaticani
1185 734 1323 802 Consilii

154 816 343 879 sententiam
366 815 404 879 de
427 815 568 896 ejusdem
601 833 748 896 suprema
770 823 803 882 et
825 820 865 883 ab
894 839 1001 885 errore
1023 823 1154 886 immuni
1178 827 1323 890 auctori-

153 908 221 981 tate
244 903 329 966 laeto
352 901 499 983 fidelique
523 904 625 969 animo
650 906 791 985 excipiet.
836 985 843 1011 1

623 1200 847 1271 APPENDIX.

152 1339 413 1404 Nouissimuram
440 1342 695 1420 proviacioliaro
717 1341 918 1425 Spaodorum
941 1350 970 1408 ei
993 1347 1169 1410 remeaturis
1192 1335 1319 1428 episco-

176 1465 296 1523 porum
318 1447 478 1510 sceleratior
501 1447 538 1511 de
560 1468 713 1528 supremo
736 1455 766 1513 et
788 1449 827 1513 ab
852 1470 959 1514 errore
981 1449 1118 1513 immani
1140 1451 1289 1519 Romani

294 1550 462 1631 Porrtificis
484 1552 521 1615 ira
543 1553 636 1617 redas
656 1553 733 1633 fidei
756 1559 786 1617 et
808 1546 931 1618 morum
954 1555 1168 1619 Auctoritaie.

259 1697 285 1754 1.
331 1690 503 1756 Concilium
526 1693 716 1773 provinciale
742 1693 933 1771 Coloaierrsa
957 1712 1039 1757 anno
1067 1699 1150 1759 1860
1174 1697 1315 1763 celebra·

149 1785 225 1858 tum,
242 1780 302 1857 cui,
324 1786 452 1860 praeter
467 1781 750 1844 eminentissimum
766 1779 969 1845 cardinalem
986 1787 1017 1845 et
1033 1782 1313 1866 Archiepiscopum

150 1866 378 1945 Coloniensem
403 1870 554 1932 loannem
581 1868 619 1932 de
635 1867 767 1947 Geissel
792 1872 930 1949 quinque
950 1870 1207 1950 subscripserunt
1221 1873 1310 1954 Epis-

149 1957 227 2036 copi,
263 1955 381 2020 diserte
411 1955 520 2020 docet:
567 1957 656 2036 „lpse
690 1956 864 2034 (Romanus
896 1956 1053 2038 Pontifex)
1089 1968 1138 2021 est
1172 1961 1306 2024 omnium

148 2041 398 2108 Christianorum
420 2049 513 2122 pater
537 2048 569 2107 et
584 2043 703 2121 doctor,
727 2044 818 2121 cajus
839 2045 876 2107 iri
897 2044 974 2124 fidei
990 2046 1230 2125 quaestionibus
1246 2067 1307 2127 per

147 2149 180 2195 se
203 2131 436 2210 irreformabile
460 2136 505 2195 est
520 2132 712 2210 judicium.“

254 2224 282 2283 2.
335 2219 483 2299 Episcopi
512 2219 544 2281 in
575 2217 716 2283 Concilio
753 2220 932 2299 provincial
971 2218 1200 2301 Ulirujecieasi
1228 2241 1311 2287 anno

149 2312 232 2371 laos
256 2307 440 2386 congregati
462 2306 661 2386 apertissime
683 2307 826 2374 edicunt:
855 2307 1022 2389 „lRomani
1037 2306 1213 2389 Pontifieis)
1226 2311 1312 2392 judi-

147 2396 228 2459 cium
250 2395 284 2458 in
306 2394 354 2469 iis,
377 2411 460 2474 quae
484 2391 640 2456 adfinem
663 2412 829 2474 moresque
852 2401 1007 2475 spectant,
1032 2395 1206 2473 infallibile
1231 2416 1313 2479 esse,

144 2483 361 2548 indubitanter
383 2482 584 2545 retinemus.“

253 2575 282 2636 3.
318 2567 491 2632 Concilium
507 2568 697 2648 provinciale
714 2568 886 2651 Propeasa
901 2589 985 2634 anno
1005 2573 1088 2634 1860
1105 2570 1311 2652 celebrat-um,

146 2657 196 2719 cui
227 2674 297 2719 cum
327 2652 585 2720 Eminentissimo
617 2654 780 2720 Cardinali
810 2662 843 2721 et
871 2657 1113 2738 Archiepiscopo
1146 2656 1314 2726 Friderico

146 2743 192 2806 Do
217 2743 482 2824 Schwarzenberg
515 2750 652 2824 quatuor
683 2743 736 2808 alii
771 2745 919 2825 Episcopi
943 2745 1126 2808 definientes
1150 2745 1313 2828 subscrip-

145 2839 263 2909 serunt,
287 2831 381 2896 titulo
413 2831 483 2910 „De
505 2831 657 2895 Primulo
680 2832 820 2896 Romani
845 2831 1026 2912 Pontifiois“
1061 2832 1141 2896 haec
1175 2836 1311 2900 statuit:

149 2921 334 3002 „ReJ'ioimus
357 2938 451 3001 porro
474 2937 613 2984 errorem
636 2919 771 2999 illorum,
794 2921 848 3000 qui
871 2914 1176 2985 alicubPEcclesiam
1200 2922 1310 2986 catho-

143 3009 242 3072 licam·
266 3009 402 3072 existere
433 3024 525 3088 posse
558 3013 726 3071 autumant
762 3009 882 3087 absque
913 3008 1046 3072 unitatis
1078 3007 1200 3071 viuculo
1234 3028 1312 3075 cum

143 3096 286 3160 Ecclesia
309 3097 459 3173 Romana,
498 3096 633 3176 »inqua
661 3113 785 3176 semper
814 3096 935 3173 abbia,
972 3097 1025 3175 qui
1052 3102 1127 3159 sunt
1158 3096 1310 3179 undique,

142 3189 328 3248 conservata
350 3190 399 3248 est
422 3201 468 3262 ea,
491 3190 644 3263 quaeest
667 3183 707 3247 ab
731 3183 891 3264 Apostolis
914 3183 1073 3246 traditio«
1100 3181 1144 3264 (S.
1155 3183 1310 3251 Irenaeus

142 3273 211 3336 adv.
235 3271 356 3336 haeres.
380 3271 400 3337 l.
428 3276 456 3337 3.
471 3289 496 3336 c.
523 3276 551 3337 3.
576 3289 606 3336 n.
626 3279 668 3350 2.)
704 3271 810 3336 Sciens
834 3271 1000 3348 neminem,
1025 3271 1079 3350 qui
1101 3277 1192 3333 extra
1215 3274 1309 3337 unio-

139 3378 211 3424 nem
235 3360 348 3440 eapitis
372 3363 430 3437 est,
455 3359 577 3423 censeri
593 3376 686 3438 posse
709 3359 794 3422 inter
810 3358 951 3422 membra
974 3359 1113 3438 corporis
1129 3357 1308 3440 Ecclesiae,

140 3465 234 3528 quam
256 3448 410 3511 Dominus
442 3465 536 3525 super
557 3446 689 3510 Petrum
723 3445 868 3510 fundavit
891 3452 923 3508 et
951 3445 983 3508 iri
1011 3444 1079 3524 ejus
1109 3447 1309 3528 auctoritate

86 3541 88 3546 '
140 3535 296 3600 solidavit.
331 3532 557 3602 Confiteantur.
574 3536 679 3613 potius
701 3535 864 3598 nobiscum
888 3539 921 3597 et
945 3551 1016 3597 cum
1039 3532 1221 3596 orthodoxis
1246 3553 1307 3615 per

138 3623 245 3688 orbem
279 3628 438 3687 terrarum
472 3620 612 3686 fidelium
643 3623 755 3685 turmis
787 3627 917 3686 sauctae
948 3621 1109 3685 Romanae
1139 3620 1306 3688 Ecclesiae

139 3711 353 3791 Principatum
378 3717 410 3775 et
425 3707 585 3774 Pontificis
601 3709 735 3772 Romani
750 3709 940 3786 Primatum3
964 3727 1096 3787 summa,
1121 3726 1183 3788 qua
1200 3708 1304 3791 decet,

136 3799 254 3879 pietate
276 3799 438 3862 nobiscum
461 3804 661 3874 venerentur,
686 3797 852 3877 celantque
876 3796 1114 3861 Sancti-simum
1131 3795 1304 3862 Dominum

136 3893 279 3951 nostrum
296 3887 407 3966 ·Pinm‚
441 3885 548 3950 divina
575 3885 774 3965 providentia
804 3885 924 3965 Papam
946 3884 1001 3961 IX,
1037 3902 1094 3948 ceu
1123 3883 1304 3963 legitimum

136 3973 292 4055 Principis
309 3968 533 4054 Apostolorum
557 3990 779 4049 successorem,
804 3973 882 4036 lesu
898 3971 1018 4036 Christi
1041 3971 1072 4033 in
1097 3972 1191 4034 terris
1208 3973 1303 4037 Vica-

134 4063 224 4137 rium,
250 4080 430 4143 supremum
454 4059 527 4124 fidei
549 4061 710 4124 doctorem
734 4066 767 4122 et
789 4063 878 4124 navis
903 4058 1022 4123 Christi
1045 4059 1301 4140 gubernatorem,

135 4152 184 4217 cui
212 4151 405 4228 fidelissimo
428 4148 605 4213 obedientia
636 4147 798 4227 uniruique
821 4166 969 4212 assensus
993 4147 1030 4210 ab
1054 4146 1206 4216 omuibus,
1243 4151 1302 4228 pai

134 4239 177 4303 od
199 4238 278 4303 ooile
304 4235 426 4302 Christi
455 4236 618 4315 pertinere
641 4233 756 4312 uoluat,
780 4241 975 4313 praestetur.
1035 4232 1241 4298 Declaramus
1264 4242 1301 4301 et

133 4327 290 4402 docemus,
315 4325 397 4389 banc
410 4323 544 4388 Romani
560 4319 720 4386 Pontificis
738 4324 960 4387 auctoritatem
977 4341 997 4386 a
1013 4319 1139 4386 Christo
1157 4322 1296 4390 Domino
