2872 4874
136 339 201 400 172
634 350 804 399 rosrunsm

137 493 256 574 ubique
285 491 484 557 observanda
514 489 696 572 etquidem
727 489 897 555 summaria
926 490 1174 571 praescribatur.
1217 489 1279 568 Quia

132 585 245 644 autem
277 579 309 642 in
343 597 475 661 corpore
506 577 586 658 juris
618 578 762 643 canonici
792 577 952 660 permulta
978 579 1181 643 inveniantur
1208 595 1279 659 prae-

138 668 265 748 scripta,
290 683 371 747 quae
404 667 713 748 inpraesentiarum
743 683 806 730 non
840 664 975 747 amplius
998 665 1118 730 habent
1149 666 1278 748 vigorem,

136 756 272 819 maxime
296 755 470 836 optandum
492 761 556 834 est,
586 758 623 817 ut
645 773 728 818 nova
749 752 890 818 collectio
923 750 981 818 fiat
1004 771 1113 819 eorum
1137 770 1279 831 canonum,

131 843 191 925 qui
213 841 315 908 adhuc
338 843 446 923 vigent
477 842 599 906 omissis
623 842 775 921 omnibus,
811 841 865 922 qui
884 841 951 922 jam
974 841 1119 922 abrogati
1142 858 1210 906 esse
1230 841 1279 922 dig·

136 935 321 997 noscuntur.
376 929 552 1010 Propterea
586 928 758 993 humillime
781 919 928 1010 petimus
960 933 996 992 ut
1027 927 1059 994 S.
1082 926 1224 1011 Synodus
1252 928 1280 991 ad

133 1017 375 1085 sanctissimum
397 1017 525 1082 Patrem
556 1017 675 1099 dirigat
697 1016 884 1099 supplicam,
915 1022 1072 1098 quatenus
1096 1015 1138 1081 ad
1157 1015 1281 1097 redigen-

135 1105 211 1169 dam
235 1104 389 1186 ejusmodi
421 1103 475 1170 SS.
499 1102 663 1168 Canonum
691 1123 805 1170 novam
829 1104 1043 1170 collectionem
1071 1105 1155 1169 viros
1179 1104 1280 1184 aliquos

135 1193 344 1276 peritissimos
367 1191 520 1274 deputare
543 1193 702 1274 dignetur.

719 1383 773 1450 VI.

243 1522 438 1588 Breviarium
462 1523 637 1588 Romanum
670 1522 829 1587 nonnullis
859 1521 936 1587 locis
965 1521 1122 1603 quaedam
1153 1521 1279 1598 continet,

133 1629 219 1692 quae
242 1628 311 1674 cum
333 1611 466 1674 historia
489 1607 575 1676 certa
599 1609 659 1674 fide
691 1609 787 1689 digna
810 1616 843 1676 et
865 1628 945 1674 sana
968 1610 998 1676 S.
1023 1609 1205 1693 scripturae
1225 1627 1279 1672 eac·

140 1699 207 1780 gesi
240 1716 304 1764 non
337 1699 462 1763 omuino
490 1699 656 1762 convenire
688 1699 849 1775 videntur;
884 1716 983 1779 quare
1011 1699 1162 1779 petimus
1193 1703 1225 1760 ut
1250 1694 1280 1758 ad

134 1786 340 1868 corrigendos
365 1787 519 1869 ejusmodi
548 1786 634 1851 locos
657 1785 824 1851 nonnullos
851 1785 1048 1850 Breviarium
1079 1785 1222 1850 revisioni
1241 1801 1280 1847 ac·

138 1880 267 1939 curatae
289 1874 482 1956 subjiciatur.
529 1873 690 1955 Simulque
713 1873 858 1953 petimus,
883 1879 919 1938 ut
942 1872 1166 1939 Sacerdotibus
1188 1872 1280 1939 saltem

134 1961 257 2027 curatis
279 1963 492 2043 permittatur,
517 1959 652 2025 officium
675 1960 866 2024 matutinum
880 1979 1006 2042 semper
1029 1961 1069 2025 ab
1092 1960 1172 2026 hora
1193 1975 1280 2041 pone·

137 2049 261 2114 ridiana
284 2049 421 2114 secunda
452 2049 653 2130 anticipando
687 2049 837 2128 recitare,
871 2049 944 2129 quia
971 2054 1085 2131 postea
1115 2066 1208 2130 saepe
1227 2045 1278 2110 aliis

92 2139 95 2143 ’
134 2135 350 2203 ‘functionibus
373 2137 438 2201 suis
461 2137 600 2202 muneris
621 2135 846 2218 impediuntur.

688 2328 758 2395 VII.

243 2469 416 2534 Decretum
439 2467 469 2532 S.
494 2466 624 2533 Concilii
638 2468 815 2533 Tridentini
838 2468 877 2533 do
894 2462 1046 2532 concursu
1069 2486 1127 2549 pro
1147 2462 1289 2549 parochiis

135 2557 269 2639 speciali
291 2556 484 2621 instituendo
508 2557 541 2619 in
562 2555 670 2621 multis
694 2556 899 2639 amplioribus
923 2556 1119 2620 dioecesibus
1142 2565 1293 2635 nunquam

137 2647 173 2708 in
195 2662 287 2709 usum
303 2644 456 2725 pervenit,
481 2644 514 2707 in
529 2643 638 2708 multis
662 2644 732 2709 aliis
749 2649 856 2708 autem
875 2644 944 2725 jam
960 2644 1157 2724 approbante
1173 2641 1203 2707 S.
1219 2637 1293 2706 seue

139 2731 323 2813 Apostolica
345 2730 487 2813 ejusdem
503 2730 572 2796 loco
595 2731 690 2797 hodie
713 2749 883 2796 concursus
899 2730 1058 2814 generalis
1082 2731 1125 2794 ad
1140 2730 1293 2813 explorem

139 2820 212 2883 dam
236 2819 400 2884 scientiam
429 2824 462 2884 et
484 2819 683 2901 omnigenam
706 2820 912 2884 idoneitatem
941 2818 1157 2897 Sacerdotum,
1188 2817 1239 2898 qui
1258 2826 1293 2877 a<

135 2907 307 2989 parochiae
339 2925 452 2971 munus
476 2907 655 2987 adspirant,
688 2907 832 2974 habetur.
883 2907 1057 2987 Propterea
1080 2907 1228 2987 petimus,
1264 2913 1293 2959 ὓ

139 2994 219 3060 illud
241 2993 272 3059 S.
297 2992 428 3058 Concilii
451 2994 628 3060 Tridentini
662 2995 823 3060 decretum
850 2995 998 3059 revisioni
1021 2994 1235 3070 submittatur,
1274 2998 1293 3044 ἑ

135 3102 179 3148 ea
202 3082 352 3147 examinis
383 3083 448 3147 sive
471 3100 642 3148 concursus
674 3101 785 3148 norma
806 3082 1050 3164 praescribatur,
1083 3100 1164 3163 quae
1187 3080 1293 3161 ubiqu

139 3170 245 3235 valeat
268 3189 306 3235 ac
328 3170 443 3234 debeat
465 3170 637 3236 observari.

678 3344 762 3410 Vlll.

246 3484 380 3565 Propter
412 3485 600 3565 gravissima
623 3485 829 3562 detrimenta,
862 3483 975 3564 quibus
1010 3502 1067 3566 per
1093 3484 1175 3566 juris
1196 3488 1293 3563 pau:

138 3580 234 3638 natus
255 3572 330 3637 laici
352 3572 486 3637 abusum
509 3572 595 3637 salus
618 3572 793 3636 animarum
810 3589 905 3652 saepe
930 3570 1074 3650 aflicitur,
1099 3572 1243 3654 petimus

143 3660 266 3725 meliori
281 3661 390 3741 quovis
413 3661 505 3725 modo
528 3660 601 3725 huic
616 3660 700 3724 malo
716 3659 839 3724 medela
863 3655 1024 3723 afferatur.
1059 3657 1152 3736 Quod
1166 3656 1288 3722 fortas-

136 3745 209 3812 fieri
225 3752 331 3830 potest
346 3767 403 3829 per
417 3748 655 3830 praescriptum,
675 3754 711 3812 ut
726 3753 880 3829 patronus
896 3747 994 3812 laicus
1009 3745 1093 3811 inter
1109 3749 1174 3811 tres
1190 3743 1231 3810 ab
1244 3743 1293 3809 (1

141 3834 263 3900 dinario
286 3835 497 3918 designandos
519 3835 705 3901 Sacerdotes
728 3834 994 3916 praesentandum
1012 3834 1130 3916 eligere
1145 3837 1293 3899 teneata:

698 4028 753 4094 IX.

245 4167 291 4232 Ut
313 4167 501 4249 gravissima
533 4166 630 4246 mala,
666 4185 747 4248 quae
771 4185 808 4232 ex
835 4166 901 4232 vita
923 4166 1037 4231 vitiosa
1060 4171 1094 4249 et
1116 4163 1293 4230 scandale,

136 4255 272 4338 parochi
295 4254 490 4336 aliorumque
512 4252 720 4319 Sacerdotum
743 4255 776 4320 in
791 4254 942 4336 populum
965 4251 1090 4319 fidelem
1113 4252 1293 4317 redundat

95 4439 97 4444 Ι
137 4339 263 4408 facilius
287 4343 400 4407 evitari
421 4341 471 4406 vel
494 4343 596 4408 averti
617 4343 747 4424 possint,
772 4343 917 4423 petimus,
940 4347 978 4406 ut
999 4341 1082 4406 inter
1105 4344 1293 4419 causas151
