2872 4874
578 115 618 163 DE
640 116 820 165 Discutiunt.

597 286 736 354 CAPUT
757 288 812 355 HL

230 428 276 494 Ne
297 428 486 510 quibasdam
508 430 540 494 in
562 428 654 508 locis,
685 429 719 494 in
741 429 922 511 regionibus
944 429 1131 510 praesertim
1153 428 1195 494 ab
1217 429 1284 495 En-

145 536 203 600 ropa
222 518 317 599 longe
339 517 473 596 disdtis,
496 517 651 581 incertum
680 535 718 581 ac
740 517 919 598 neglectum
941 519 1117 581 animarum
1141 518 1284 600 regimen·

144 611 258 685 manat,
282 605 367 686 quia,
397 623 418 670 a
440 605 518 669 vivis
541 605 665 669 sublato
689 605 840 670 Antistite
870 603 920 670 vel
942 605 1069 670 Vicario
1091 605 1282 686 Apostolioo,

143 699 251 775 propter
279 692 457 774 peculiares
481 692 641 757 Dioecesis
672 692 724 756 vel
744 692 925 757 vicariatus
948 692 1123 776 Apostolici
1152 694 1283 757 circum·

142 782 257 846 abnuas
280 799 345 845 non
367 786 417 844 cst
439 782 493 861 qui
516 798 646 862 gregem
668 779 785 845 Christi
810 781 975 862 gubernet,
1000 781 1282 847 Praedecessornm

140 868 529 950 immansuetum
553 866 605 933 lel.
629 887 687 932 me.
699 868 861 933 Benedicti
880 867 955 931 XIV
963 869 988 952 ¹)
1011 868 1154 949 vestigiis
1175 868 1283 932 inhae-

137 961 235 1036 rmtes,
267 973 359 1021 sacro
389 955 449 1020 hoc
480 956 678 1038 approbante
707 955 855 1035 Concilio,
889 955 968 1021 haec
996 955 1148 1022 edicimus
1170 974 1208 1020 ac
1231 956 1283 1020 da

135 1043 288 1110 munina

225 1131 437 1196 Attendentes
459 1131 612 1212 imprimis
634 1131 667 1195 in
689 1132 820 1195 remotis
842 1130 995 1211 ejusmodi
1021 1129 1203 1212 regionibus
1226 1130 1284 1196 ali-

135 1237 201 1301 quos
222 1218 485 1301 Archiepiscopos
515 1225 548 1283 et
570 1217 743 1300 Episcopus
775 1218 913 1283 locorum
936 1217 1122 1283 ordinarios
1152 1223 1185 1283 et
1207 1220 1284 1284 resi·

137 1307 275 1372 armies
306 1305 488 1388 Capitulum
512 1305 742 1371 Canonicorum
773 1306 907 1385 habere,
937 1306 1017 1370 alios
1047 1324 1123 1370 vero
1152 1325 1190 1371 eo
1213 1324 1284 1372 essa

134 1395 302 1475 deshtntos,
325 1393 512 1459 mandamus
541 1399 591 1472 ut,
616 1394 781 1458 eveniente
812 1393 978 1476 cujuslibet
1000 1393 1162 1458 Antistitis
1184 1394 1283 1473 obitu,

133 1483 230 1548 actim
245 1482 436 1564 procedatur
451 1482 492 1547 ad
507 1482 693 1546 electionem
708 1481 825 1546 Vicarii
841 1480 1031 1563 Capitnlaris
1044 1483 1137 1564 juxta
1151 1500 1283 1561 morem,

136 1582 222 1650 unm,
247 1576 280 1634 et
303 1570 562 1634 consuetudinem
583 1569 737 1634 hactenns
764 1570 905 1650 legitime
927 1574 1105 1650 servatam;
1135 1570 1283 1634 nimirum

138 1657 178 1724 ubi
198 1656 382 1739 Capitulum
403 1658 522 1736 existit,
544 1656 630 1722 vela
645 1656 811 1723 Canonicis
834 1658 996 1734 duntaxat,
1020 1658 1047 1722 si
1068 1657 1116 1720 ita
1141 1658 1174 1720 in
1196 1676 1284 1722 more

136 1745 185 1825 ian
206 1747 249 1810 sit
271 1745 422 1828 positum,
453 1745 505 1809 vel
528 1763 548 1808 a
571 1742 738 1810 Canonicis
760 1765 824 1810 nna
857 1764 928 1809 cum
958 1745 1028 1810 aliis
1059 1745 1283 1810 ecclesiasticis

143 1832 206 1913 viris,
230 1851 311 1914 quos
334 1834 367 1897 in
390 1833 513 1897 casibus
536 1831 716 1913 hujusmodi
739 1851 864 1914 semper
889 1834 1096 1897 intervenisse
1118 1837 1150 1896 et
1172 1831 1285 1897 suffra·

140 1920 206 2000 glum
230 1921 379 1986 suumin
403 1939 442 1984 ea
465 1920 618 1986 electione
649 1919 759 1985 tulisse
789 1925 924 1986 constat.
969 1919 1032 1985 Ubi
1062 1925 1168 1984 autem
1192 1918 1284 2000 Capi·

138 2007 221 2072 trium
250 2006 482 2073 Canonicorum
510 2025 573 2073 non
603 2008 754 2087 habetur,
787 2008 831 2074 ibi
860 2008 1001 2090 parochi,
1036 2009 1102 2073 sive
1126 2007 1193 2086 soli,
1218 2009 1284 2072 sive
1409 2085 1413 2093 Ι

137 2111 194 2160 com
221 2095 294 2160 aliis
322 2095 543 2160 ecclesiasticis
575 2096 650 2160 viris
677 2098 771 2177 juxto
799 2097 925 2161 modum
957 2096 1076 2176 itidem,
1105 2112 1215 2173 usum,
1250 2100 1285 2160 at

138 2183 383 2248 consuetudinem
414 2183 454 2247 de
476 2185 650 2264 praeterito
674 2189 846 2262 servatam,
883 2184 924 2247 ad
947 2183 1066 2249 Vicarii
1088 2179 1284 2266 Capitnlaris

133 2268 310 2336 electionem
333 2270 510 2335 habendam
526 2272 689 2336 accedant.
733 2272 769 2336 In
795 2273 909 2336 ceteris
931 2272 1076 2337 omnibus
1091 2277 1198 2335 autam
1217 2286 1285 2335 ser·

135 2359 192 2423 vari
213 2359 402 2424 mandamus
423 2358 598 2424 Tridentini
621 2357 755 2424 Concilii
784 2360 825 2423 de
848 2360 967 2424 Vicarii
990 2359 1179 2442 Capitnlaris
1203 2357 1285 2424 elec·

133 2446 209 2511 tione
231 2446 481 2512 constitutiones.

226 2535 265 2598 In
288 2535 327 2600 iis
350 2551 424 2598 vero
446 2532 532 2613 locis,
556 2536 589 2598 in
612 2535 725 2615 quibus
747 2533 913 2598 Antistites
933 2533 1093 2599 Ordinarii
1115 2534 1284 2600 eorundem

133 2617 261 2687 locorum
298 2619 520 2687 residentiales
553 2640 654 2703 neque
691 2620 871 2702 Capitulum
905 2619 1146 2701 Canonicorum,
1182 2640 1286 2703 neque

135 2709 278 2787 parochos
300 2710 332 2773 in
356 2710 422 2774 suis
445 2709 625 2774 civitatibus
656 2714 690 2774 et
714 2709 918 2775 Dioecesibus
949 2709 1084 2790 habent,
1116 2709 1173 2776 sed
1207 2710 1285 2773 dun·

134 2798 212 2862 urat
235 2797 416 2861 sacerdotes
446 2796 567 2877 aliquot
598 2801 631 2861 et
653 2797 867 2861 missionarios
899 2816 956 2878 per
978 2803 1081 2862 terras
1100 2803 1143 2863 'et
1170 2796 1286 2878 oppida

133 2879 293 2965 dispersos,
317 2885 365 2948 ita
387 2891 433 2963 ut,
450 2884 605 2949 Antistite
621 2884 800 2963 decedente,
823 2903 887 2948 una
909 2884 1002 2949 simul
1018 2885 1185 2950 convenire
1199 2884 1285 2949 haud

133 2969 259 3053 valeant,
283 2972 430 3036 Vicarius
453 2971 611 3053 generalis
630 2973 698 3054 jam
713 2990 733 3036 a
748 2971 896 3037 defuncto
912 2973 1063 3036 Antistite
1085 2972 1285 3049 constitutus,

134 3053 197 3123 licat
211 3060 358 3125 Doctoris
380 3059 482 3139 gradu
505 3058 628 3139 injure
651 3061 800 3125 canonico
816 3065 930 3124 anctus
952 3078 1015 3124 non
1038 3060 1089 3140 sit,
1111 3060 1181 3141 ipso
1202 3058 1286 3124 lacto

134 3142 321 3228 intelligatur
354 3151 386 3211 et
424 3145 582 3212 habeatur
615 3152 778 3227 tamquam
809 3148 953 3212 Vicarius
990 3146 1180 3229 Capitnlaris
1214 3165 1286 3212 cum

134 3234 268 3300 sumbus
291 3233 498 3300 facultatibus
522 3234 651 3316 dejure
680 3234 722 3299 ad
745 3235 898 3318 ejusmodi
925 3253 1040 3300 munus
1062 3235 1286 3317 spectantibus,

132 3316 264 3404 illudque
289 3328 436 3387 exerceat
465 3340 631 3403 quousque
658 3340 758 3387 novus
781 3323 922 3387 Antiates
956 3323 996 3387 ab
1018 3322 1200 3405 ApostoHca
1227 3322 1286 3388 hac

135 3401 207 3474 Sede
229 3409 415 3491 designatus
447 3409 522 3474 illuc
551 3409 727 3487 advenerit,
758 3428 796 3474 ac
823 3412 1017 3492 susceperit,
1046 3411 1098 3475 vel
1128 3411 1224 3475 aliter
1244 3411 1286 3474 ab

136 3495 235 3562 aba
257 3497 356 3563 luerit
375 3498 564 3562 ordinatum.

230 3585 385 3651 Omnibus
408 3591 515 3650 autem
538 3585 672 3650 Vicariis
696 3584 894 3667 Apostohcis,
925 3586 991 3649 sive
1012 3585 1107 3650 titulo
1130 3589 1164 3649 et
1187 3584 1286 3666 digni-

136 3669 192 3763 tate
219 3673 401 3754 Episcopali
430 3673 596 3753 praeditis,
628 3674 694 3738 sive
726 3673 914 3738 sacerdotali
944 3679 1070 3738 tautum
1101 3672 1286 3738 charactere

136 3757 289 3842 insignitis,
313 3761 370 3825 sed
393 3779 496 3841 neque
512 3761 727 3843 coadJutorem
751 3779 820 3825 cum
841 3760 948 3826 lutura
963 3760 1162 3825 successione
1184 3777 1286 3840 neque

138 3838 284 3912 Vicarium
312 3848 493 3929 generalem
522 3848 728 3929 habentibus,
759 3849 982 3930 praecipimus
1014 3855 1050 3912 ut
1073 3848 1287 3929 unusquisque

139 3979 334 3998 x*

232 4056 254 4125 ¹)
274 4057 364 4111 Breve
383 4056 525 4111 Benedicti
545 4056 618 4110 XIV.
642 4056 692 4111 Ea
709 4057 821 4110 sublimi
844 4059 888 4110 26.
906 4055 1033 4111 ianuarii
1053 4058 1133 4125 1753,
1153 4061 1180 4110 et
1200 4054 1288 4124 Quam

136 4129 166 4171 (Φ
181 4127 288 4179 sublimi
305 4130 331 4180 Β.
350 4128 469 4195 Augusti
489 4129 565 4181 1755.
