2872 4874
722 373 890 421 POSTULATA

650 582 837 648 Beatissime
856 584 963 648 Pater!

331 722 591 787 Infallibilitatem
623 721 744 787 Summi
772 722 935 788 Pontificis
967 745 1006 788 aa
1038 723 1189 787 cathedra
1221 724 1429 806 loquentis,

226 827 307 889 quae
330 811 573 875 evidentissimis
596 810 773 874 divinarum
795 811 960 875 literarum
990 818 1022 876 et
1045 810 1233 875 Sanctorum
1259 812 1429 878 Parrum

225 898 381 977 probatur
402 898 605 977 testimoniis
640 916 796 981 quamque
828 900 966 963 maxima
989 897 1108 962 Christi
1141 896 1284 962 fidelium
1309 918 1423 979 para,

226 1003 283 1065 per
299 987 543 1050 oecumenicum
558 985 749 1051 Vaticanum
765 985 938 1052 Concilium
966 985 1088 1069 deliniri
1105 986 1276 1063 desiderat,
1298 986 1428 1052 hodi&

226 1072 448 1153 aquihusdam
470 1073 673 1138 vehementer
696 1081 909 1157 oppugnatam
934 1074 1151 1155 comperimus.
1188 1074 1271 1138 Hinc
1295 1094 1422 1155 grave

226 1162 327 1225 oritur
358 1161 550 1239 scandalum,
586 1162 670 1242 quod
700 1161 774 1227 fidei
808 1162 1005 1242 simplicitati
1038 1180 1101 1228 non
1136 1180 1248 1241 parum
1277 1163 1410 1226 obesse

226 1249 352 1328 poterit.
410 1249 490 1314 Nam
513 1268 589 1312 vera
612 1248 699 1314 falsis
722 1250 961 1315 commiscentes
985 1255 1017 1314 et
1039 1250 1077 1313 iis
1101 1267 1183 1330 quae
1206 1249 1292 1313 clara
1317 1258 1404 1314 suut

225 1336 374 1400 tenebras
398 1338 591 1402 obducentes
627 1337 818 1416 „Ecclesiam
845 1336 932 1401 illam
963 1338 1004 1400 ad
1027 1355 1122 1417 quarn
1147 1373 1185 1382 -
1212 1343 1247 1399 ut
1271 1337 1302 1403 S.
1328 1338 1403 1402 Ire-

225 1441 323 1488 naeus
346 1425 392 1487 ait
412 1431 600 1507 -propter
622 1426 777 1505 potiorem
800 1425 1065 1506 principalitatem
1087 1441 1218 1490 necesse
1241 1429 1294 1488 est
1317 1443 1395 1490 con-

226 1511 334 1575 venire
349 1530 403 1578 eos
419 1514 472 1593 qui
494 1519 570 1578 sunt
584 1513 722 1593 undique
737 1512 854 1591 fideles,
878 1519 911 1577 et
933 1514 966 1577 in
982 1531 1045 1592 qua
1060 1529 1185 1594 semper
1202 1518 1394 1578 conservata

226 1616 370 1679 eaquae
399 1607 448 1665 est
480 1601 521 1664 ab
544 1601 705 1681 Apostolis
728 1601 887 1679 traditio‚“
926 1600 1041 1666 nedmn
1065 1617 1174 1664 errare
1195 1617 1299 1680 posse,
1335 1600 1388 1666 sed

223 1689 321 1753 etiam
344 1687 513 1768 aliquando
537 1706 661 1755 errasse
684 1689 716 1753 in
738 1691 859 1753 animos
881 1688 1031 1753 inducere
1052 1687 1267 1767 contendunt3
1301 1684 1388 1752 Chri·

225 1775 329 1856 stique
359 1778 392 1840 in
415 1778 508 1841 terris
531 1776 699 1856 Vicarium,
737 1777 828 1859 cujus
860 1782 910 1840 est
933 1773 1117 1841 continuare
1145 1774 1273 1854 fratrea,
1309 1793 1386 1839 nea

224 1859 288 1928 fide
310 1863 466 1942 deficiant,
502 1863 662 1931 doctrinas
691 1864 916 1929 achristianis
947 1863 1088 1927 moribus
1120 1861 1242 1928 alienas
1272 1860 1384 1944 pluries

226 1950 368 2015 docuisse
395 1953 489 2031 acin
518 1950 675 2017 haeresim
707 1952 901 2034 prolapsum,
936 1970 999 2015 non
1022 1951 1089 2015 sine
1112 1969 1227 2029 magna
1250 1947 1382 2015 fidelium

224 2041 466 2119 perturbatione
488 2047 522 2104 et
544 2038 704 2104 Ecclesiae
726 2040 926 2105 inimicorum
948 2039 1071 2104 laetitia
1094 2038 1261 2118 evulgant..

332 2126 421 2204 Quae
445 2127 585 2192 comita
609 2128 681 2207 sint,
718 2128 892 2210 optandum
917 2145 1030 2192 censeo
1054 2131 1089 2192 ut
1112 2125 1187 2206 quid
1212 2125 1251 2190 de
1274 2123 1384 2191 infalli-

127 2226 131 2233 '
225 2212 349 2279 bilitate
364 2215 497 2283 Romani
513 2213 673 2281 Pontificis
697 2217 729 2280 in
751 2217 885 2286 materia
908 2214 990 2292 fidei,
1015 2220 1177 2293 tamquam
1200 2211 1386 2278 universalis

224 2301 387 2367 Ecclesiae
411 2303 548 2367 doctoris
572 2301 759 2381 definientis,
798 2305 840 2368 ab
862 2304 1007 2367 omnibus
1030 2303 1072 2365 sit
1095 2300 1297 2378 credendum,
1334 2299 1389 2365 Sa-

225 2395 393 2455 crosancta
414 2389 570 2470 Synodus,
605 2390 689 2472 apud
722 2388 935 2470 Apostolicam
963 2388 1156 2454 Cathedram
1186 2395 1391 2470 congregata,

226 2478 350 2558 aperiat
380 2496 418 2542 ac
440 2478 597 2542 decernat.
654 2477 692 2541 Id
715 2479 796 2541 enim
820 2495 883 2542 non
907 2477 999 2543 modo
1024 2483 1244 2557 opportunum,
1279 2493 1391 2539 verum

226 2565 322 2629 etiam
346 2566 559 2630 necessarium
581 2565 716 2643 videtur,
740 2583 781 2630 ne
802 2564 941 2629 fidelium
963 2572 1086 2629 mentes
1102 2562 1292 2628 fiuctuantes
1316 2564 1393 2643 sint,

225 2655 259 2717 et
280 2650 544 2717 circumferantur
566 2654 651 2718 omni
677 2658 771 2718 vento
796 2653 968 2731 doctrinae,
999 2653 1031 2716 iu
1054 2651 1196 2732 nequitia
1218 2651 1393 2730 hominum,

225 2738 259 2807 in
283 2740 403 2804 astutia
426 2740 468 2805 ad
491 2742 788 2807 circumventionem
810 2741 936 2807 erroris.

296 2885 301 2897 ,
334 2827 544 2911 Quapropter,
579 2829 768 2894 Beatissime
792 2829 897 2908 Pater,
932 2829 986 2910 qui
1016 2826 1195 2892 nauiculam
1218 2825 1394 2904 Ecclesiae,

225 2913 310 2979 inter
331 2914 472 2981 furentes
487 2907 743 2999 persecutionlim
759 2917 869 2997 undas,
892 2935 932 2981 ne
947 2916 1177 2997 impingeretur
1199 2914 1230 2976 in
1246 2931 1397 2978 errorum

226 3008 342 3083 syrtes,
367 3023 387 3068 a
403 3003 529 3069 Christo
546 3005 688 3083 Domino,
713 3005 746 3069 in
768 3023 905 3086 persona
919 3005 1012 3068 Beati
1028 3003 1126 3080 Petri,
1151 3001 1396 3083 gubernandam

228 3092 406 3172 suscepisti,
431 3094 587 3157 instanter
611 3093 746 3175 postulo,
772 3100 806 3156 ut
822 3093 908 3156 illam
933 3091 1181 3157 controversiam
1203 3088 1293 3154 Sacri
1311 3087 1398 3153 Con·

227 3177 291 3243 cilii
311 3179 428 3260 judicio
452 3181 564 3262 subjici
587 3182 762 3260 permittas,
787 3199 848 3261 qua
872 3180 1000 3244 tandem
1023 3176 1161 3255 definita,
1184 3176 1323 3257 idipsum
1347 3177 1398 3241 di-

228 3283 337 3331 cemus
360 3285 478 3346 omnes,
512 3273 546 3332 et
568 3269 665 3332 simus
696 3266 828 3349 perfecti
854 3269 886 3332 in
910 3267 1020 3332 eodem
1044 3284 1139 3330 seusu
1167 3271 1201 3329 et
1224 3266 1256 3328 in
1280 3264 1398 3329 eadem

227 3356 396 3418 sententia.

334 3475 520 3541 Sanctitatis
543 3482 619 3540 tuae

493 3617 616 3681 Humus
640 3595 671 3682 et
694 3616 830 3683 Obsrims
852 3617 886 3681 in
909 3613 1037 3711 Christo
1059 3631 1169 3679 seruus

622 3742 644 3825 †
667 3744 740 3806 Ant.
765 3740 831 3805 Jos.
855 3740 968 3821 Pluym
991 3737 1052 3820 Ep.
1075 3737 1285 3818 Nicopolitan.

334 4109 463 4177 Avendo
485 4110 517 4174 io
540 4127 665 4190 sempre
695 4108 842 4185 ritenuta,
874 4106 1046 4172 efacendo
1077 4106 1246 4185 insegnare
1267 4102 1299 4167 al
1332 4104 1397 4168 mio

228 4196 352 4278 giovine
376 4196 468 4264 Clero
499 4198 532 4261 la
553 4197 696 4275 „dottrina
726 4195 797 4260 dell’
820 4193 1012 4259 infallibilitri
1043 4193 1093 4256 del
1118 4191 1233 4256 Nostro
1258 4189 1348 4271 Oapo
1374 4190 1398 4255 il

228 4282 354 4351 Sammo
378 4284 537 4351 Pontefice
565 4285 716 4364 ,Quando
740 4304 779 4348 ea
803 4281 1081 4347 cattedrostatac't
1104 4300 1140 4344 ac
1157 4279 1333 4359 praecepit,
1358 4278 1397 4342 a'n

225 4373 322 4438 rebus
346 4374 423 4455 fidei
454 4394 492 4438 oc
514 4393 646 4453 moram,
681 4391 762 4454 qaae
792 4371 831 4434 ab
859 4369 1003 4433 omnibus
1028 4364 1299 4444 christifidelibus
1323 4386 1392 4432 crc-
