2872 4874
504 317 543 362 ou
567 317 747 364 nmonnmr.
1148 307 1209 367 len

157 455 225 521 llll.
273 454 428 533 Quoniam
463 475 537 523 vero
571 457 654 520 inter
677 457 775 523 libros
804 458 979 539 prohibitos
1011 459 1034 523 ii
1068 461 1121 540 qui
1156 478 1211 540 per

104 550 187 608 taras
210 543 411 624 Apostolicas
433 543 574 608 damnati
597 554 679 611 suut.
704 563 868 609 censuram
891 546 1026 626 speciali
1048 548 1211 612 modone

104 637 207 695 satam
228 629 360 696 Summo
382 630 525 697 Pontifici
549 632 728 711 legentibus
755 634 898 707 inurunt,
926 640 1039 714 petunt
1062 635 1214 716 Episcopi

112 720 217 869 borgm
239 717 402 796 librorum,
425 721 618 784 auctoritate
634 718 775 799 Consilii,
799 720 970 800 peculiaris
992 731 1026 786 et
1041 721 1210 789 distinctus

104 805 146 869 lex
187 810 231 868 at.

154 892 238 957 Vlll
275 892 456 977 Optuudum
472 906 522 958 est
544 895 629 975 quod
642 896 793 977 Episcopi
808 897 841 960 in
856 895 991 977 Spnodis
1015 896 1209 963 dioecesanis

104 987 153 1058 eut,
176 981 280 1062 quoad
302 982 501 1046 reductiones
524 982 700 1060 Missarum‚
732 984 780 1047 uti
810 983 1015 1048 facultatibus
1038 1003 1057 1048 a
1078 981 1217 1065 l'ri-den-¹

104 1086 122 1130 a
135 1067 257 1150 Synodo
276 1071 433 1133 concessis
457 1069 540 1134 Sess.
566 1075 616 1147 25,
641 1068 717 1152 Cap.
735 1078 755 1133 4
773 1071 812 1136 de
827 1070 964 1137 Reform.
987 1072 1083 1136 etiam
1103 1074 1210 1152 quoad

104 1155 246 1221 rdationcs
278 1158 469 1237 posteriores
499 1157 604 1222 eidem
635 1155 790 1236 Concilio,
822 1159 985 1240 abrogatis
1019 1159 1207 1226 declaratio-

104 1261 142 1308 rus
162 1251 194 1308 et
215 1244 455 1310 limitationibus
491 1263 590 1325 usque
622 1246 714 1310 modo
745 1246 831 1326 apud
853 1265 910 1311 nos
942 1248 1136 1328 vigentibus,
1159 1255 1208 1313 at-

104 1337 139 1394 rtu
159 1332 290 1395 maxime
307 1339 482 1413 temporum
498 1331 693 1411 difficultate,
716 1342 750 1397 et
766 1341 802 1397 ut
819 1333 1011 1415 diligentiori
1027 1353 1102 1400 eura
1124 1337 1209 1401 intra

104 1420 275 1502 rescriptum
299 1428 425 1500 tempus
448 1421 508 1501 piis
531 1421 678 1485 oneribus
701 1418 861 1486 statisfiut.

471 1507 531 1570 Pro
556 1508 726 1588 praedictis
748 1509 915 1589 Episcopis

302 1595 505 1678 †Heum'cus
531 1596 633 1676 llpisc.
670 1595 837 1662 Pistorien.
868 1607 901 1660 et
924 1597 1049 1663 Praten.

525 1803 545 1821 Ζ.-
568 1803 618 1821 2...
595 1803 598 1808 '
619 1804 729 1822 :.;...':.;

451 1980 485 2058 6.
530 1978 797 2061 Pbslllllln

346 2136 535 2201 nrrsoonr
565 2136 907 2204 oouoonnmnsn.

152 2293 376 2373 lnfrasoriptus
400 2296 574 2376 Episcopus
598 2294 838 2360 concordiensis
862 2295 1023 2359 humiliter
1045 2296 1206 2376 proponit:

157 2387 181 2446 l.
217 2380 262 2445 Ut
284 2380 342 2457 lert
367 2400 429 2463 qua
445 2381 563 2446 Christi
587 2381 695 2448 fideles
712 2384 821 2447 diebus
838 2382 971 2448 Sabbati
986 2401 1096 2447 carnes
1119 2401 1206 2448 mau-

104 2483 162 2531 care
183 2469 398 2548 probibentur,
422 2470 577 2552 abrogata
608 2471 797 2549 declaretur,
828 2473 875 2535 uti
901 2473 966 2553 jam
1001 2469 1060 2535 luit
1087 2471 1206 2534 innon

104 2555 155 2618 ucis
176 2557 367 2637 regionibus,
393 2563 523 2638 excepto
546 2558 813 2641 Quadragesimae
829 2568 861 2623 et
878 2560 1039 2623 Adventus
1055 2570 1205 2638 tempore,

110 2639 161 2707 boc
183 2645 223 2708 ob
248 2642 408 2724 physicam
435 2645 595 2710 hominum
626 2648 898 2725 constitutionem,
931 2665 1011 2726 quae
1042 2647 1081 2710 de
1103 2646 1207 2711 die‘iu

104 2746 131 2792 ru
152 2732 252 2811 magis
268 2732 461 2810 debilitatur,
485 2739 518 2796 et
541 2734 581 2797 ad
605 2733 754 2798 scautlala
770 2735 907 2811 vitanda,
931 2753 1005 2798 nam
1021 2733 1080 2799 lroc
1096 2733 1204 2799 Eccle-

104 2828 329 2900 epraeoeptnm
351 2822 402 2885 vix
421 2822 617 2900 observatur,
640 2833 672 2886 et
694 2840 756 2886 non
773 2823 865 2902 pauci
888 2829 1037 2904 putantes
1059 2840 1116 2904 pro
1140 2841 1207 2887 orn-

104 2922 139 2968 us
160 2909 278 2971 factam
308 2927 377 2972 esse
408 2910 653 2988 concessionem,
683 2928 793 2974 carnes
815 2911 883 2972 siue
906 2910 1112 2974 conscientiae
1134 2929 1204 2991 per-

104 2991 225 3059 ·batione
248 2997 449 3061 mcmducaut.

152 3088 181 3145 2.
215 3081 260 3146 Ut
293 3082 460 3164 Episcopis
495 3085 656 3149 tribuatur
695 3091 835 3164 potestas
871 3083 1075 3164 dispensandi
1108 3103 1204 3164 super·

104 3168 275 3244 pedimentis
297 3172 489 3236 matrimonii
517 3174 596 3238 ortis
619 3192 656 3236 ex
688 3172 782 3235 tertio
806 3180 839 3235 et
866 3178 981 3252 quarto
1003 3170 1106 3252 gradu
1129 3189 1203 3236 cou-

104 3257 268 3334 rguinitatis
292 3267 324 3322 et
345 3258 517 3331 affinitatis,
548 3268 581 3324 et
604 3279 642 3324 ex
664 3259 790 3340 publica
813 3258 992 3337 honestate3
1022 3260 1201 3325 cumcuim

104 3347 232 3419 resentim
255 3346 289 3408 iu
312 3347 435 3428 oppidis
451 3347 571 3411 nullum
593 3346 659 3411 fere
683 3347 829 3411 contrahi
843 3347 945 3426 possit
967 3347 1203 3412 matrimonium

104 3424 225 3514 inopus
249 3434 292 3496 sit
314 3434 468 3515 ojmnrodi
491 3435 788 3515 dispensationibus,
811 3435 985 3499 timendum
1009 3443 1059 3499 est
1081 3437 1207 3514 nequis

104 3533 134 3581 ee
154 3520 339 3585 miserrimis
354 3523 567 3603 temporibus,
591 3524 623 3586 in
647 3522 761 3603 quibus
778 3521 855 3586 fides
879 3532 912 3587 et
934 3523 1036 3603 pietas
1059 3522 1206 3602 refriges-

104 3608 132 3684 11,
148 3607 238 3672 civ-ile
254 3609 490 3673 matrimonium
506 3610 691 3675 contrahere
706 3610 804 3685 malit,
820 3627 916 3690 quam
932 3629 951 3674 a
967 3611 997 3675 S.
1013 3609 1093 3674 Sede
1116 3627 1205 3690 prae·
1303 3620 1308 3628 '

104 3693 150 3759 tas
165 3695 416 3776 dispensationes
428 3705 546 3778 petere,
562 3704 657 3778 atque
674 3705 711 3761 ut
722 3698 874 3775 obtineat,
890 3697 1057 3778 pecuniam
1073 3695 1204 3763 solvere.

151 3788 180 3846 3.
214 3782 260 3848 Ut
282 3785 325 3848 ad
347 3785 494 3849 vitandas
517 3785 748 3864 contentiones,
780 3785 875 3863 rixas,
901 3785 1093 3859 inimicitias,
1123 3801 1205 3864 quae

104 3861 143 3933 ile
159 3871 305 3936 oriuntur
328 3891 365 3936 ex
388 3873 588 3954 sponsalibus
610 3882 729 3936 temere
759 3880 793 3937 et
821 3872 903 3938 clam
926 3871 1108 3948 celebratis,
1133 3890 1205 3936 con·

104 3963 196 4022 natur·
219 3958 332 4024 dehinc
346 3960 508 4040 sponsalia
530 3979 611 4041 quae
632 3959 718 4026 facta
742 3979 804 4024 non
822 3958 940 4024 fuerint
961 3978 1032 4023 cum
1048 3957 1205 4038 aliquibus

104 4045 302 4110 sanitatibus
324 4066 371 4110 eu.
395 4067 443 4128 gr.
472 4067 579 4120 coram
602 4048 723 4112 duobus
753 4047 904 4126 testibus,
932 4064 969 4111 ao
999 4046 1126 4110 monitis
1149 4065 1205 4126 pa-

104 4130 199 4211 rtibus,
233 4152 302 4198 esse
324 4135 477 4211 invalida,
505 4134 612 4216 atque‘
631 4154 702 4200 cum
733 4135 984 4201 solemnitatibus
1011 4132 1104 4211 inita,
1136 4130 1206 4225 fieri

104 4217 186 4285 alida
207 4223 250 4299 si,
279 4223 351 4302 quin
377 4231 580 4301 renoventur,
605 4241 706 4288 annus
729 4225 851 4303 integer
873 4237 910 4285 ex
925 4239 993 4301 ‘quo
1024 4218 1205 4285 factasunt

104 4316 196 4373 meat.
986 4345 988 4351 ·
