2872 4874
123 301 197 385 ,102
634 313 805 361 rosrumru

134 452 283 519 Nicolaus
304 448 393 533 Papa
416 453 449 517 in
472 451 641 534 Responsis
660 452 706 529 ad
727 453 894 536 Bulgaros,
925 454 1010 520 omni
1033 459 1176 537 tempore
1201 455 1301 521 armis

135 538 374 620 abstinendum,
408 539 469 605 nisi
497 541 672 605 necessitas
699 544 812 623 urgeat
838 545 935 622 atqua
965 541 1158 607 inevitabilis
1182 543 1302 627 impor-

134 632 282 713 tunarum
305 646 410 693 rerum
439 627 523 692 adsit
545 626 777 695 concurrentia.
790 628 814 712 ¹)
868 629 1071 695 Abhorreant
1098 647 1178 712 ergo
1209 628 1300 699 unri-

133 715 229 801 stiani
252 715 413 797 Principes
443 720 475 780 et
497 715 607 797 populi
629 735 649 781 a
670 713 759 781 falsis
781 715 938 782 bellorum
962 719 1080 797 musis,
1112 736 1170 783 seu
1193 717 1302 799 patius

133 803 433 887 asuggestionibus
464 800 595 884 diaboli,
627 804 682 885 qui
705 804 745 868 ab
780 805 870 871 initio
900 804 1058 871 homicida
1088 805 1205 890 erat.²)
1246 802 1300 883 mi

33 968 38 977 ⁸
134 906 198 957 non
221 890 319 964 semel
333 909 443 956 aurem
467 892 642 974 praebuere
658 892 743 957 coeci
764 891 916 977 homines,
941 911 1037 974 quum
1052 894 1094 958 ad
1116 893 1299 980 bellandum

134 996 170 1047 sc
191 984 294 1045 motos
318 979 546 1060 praedicarent,
577 997 661 1044 nunc
690 985 821 1062 propter
851 998 965 1045 vanam
988 980 1135 1062 gloriam,
1166 984 1298 1061 seu-ut

134 1066 238 1148 ajunt,
273 1067 480 1149 praestigium
513 1067 691 1147 nationale,
726 1067 786 1132 sub
821 1069 911 1150 cujus
934 1068 1079 1134 vocabuli
1109 1067 1204 1134 fumo
1219 1068 1297 1227 Ἥ

134 1154 285 1235 superbia
315 1155 409 1235 vitae,
438 1155 522 1236 apud
544 1153 700 1221 Joannem
734 1155 927 1238 damnata,³)
955 1162 1123 1237 peccatum
1154 1156 1251 1223 draco

135 1244 188 1323 qui
210 1242 373 1329 pugnabat
394 1261 464 1307 cum
488 1243 618 1324 Angelis
642 1243 765 1327 ejus;⁴)
789 1262 874 1309 nunc
896 1247 1025 1325 propter
1047 1244 1173 1326 imperii
1195 1247 1295 1317 extan-

135 1329 231 1395 dendi
252 1329 304 1395 vel
327 1328 452 1405 divitias
473 1331 613 1410 augendi
631 1330 829 1410 disiderium,
860 1330 944 1412 quod
967 1350 1030 1397 non
1052 1337 1103 1396 est
1123 1331 1214 1409 aliud.
1235 1328 1296 1401 niti

42 1499 44 1502 .
136 1416 391 1499 concupiscentia
414 1418 585 1499 oculorum,
597 1420 625 1496 5)
656 1418 746 1484 radix
768 1419 908 1487 omnium
931 1419 1087 1487 malorum
1111 1418 1309 1501 cupiditast)

137 1510 170 1583 et
192 1506 334 1585 avaritia,
359 1506 398 1570 ab
422 1506 572 1587 Apostolo
597 1506 682 1571 dicta
704 1506 860 1571 idolorum
874 1508 1030 1585 servitus,
1044 1509 1181 1587 ⁷)‚nunc
1203 1507 1309 1582 etiarn

135 1600 267 1679 propter
290 1593 440 1671 invidiam
464 1611 542 1676 erga
565 1598 708 1659 caeteras
730 1595 877 1661 nationes
899 1593 950 1659 vel
969 1595 1138 1676 principes,
1162 1593 1309 1675 furorem

136 1681 220 1747 hunc
237 1679 406 1747 Cainicum
431 1700 525 1763 quem
548 1700 672 1763 semper
693 1682 927 1747 abominabitur
950 1682 1111 1762 Dominus,
1137 1683 1192 1763 qui
1213 1680 1309 1755 solus

136 1775 186 1835 est
206 1768 278 1855 jure
301 1769 475 1835 aemulator
494 1771 709 1852 justissimus,
742 1772 832 1853 cujus
855 1789 968 1834 nomen
992 1771 1148 1853 privative
1168 1773 1309 1851 uocatur

135 1854 311 1947 Zelotes.⁸)
345 1858 472 1923 Etenim
496 1856 574 1924 haec
597 1859 708 1923 eadem
727 1864 860 1939 peccata
876 1877 977 1938 aeque
998 1877 1038 1923 ac
1051 1860 1152 1939 magis
1164 1859 1190 1941 9)
1208 1855 1309 1939 'dcte-

136 1945 249 2019 standa
272 1946 402 2033 suntin
425 1945 605 2010 nationibus
629 1950 661 2010 et
677 1944 857 2025 Guberniis,
881 1964 962 2026 quae
985 1945 1018 2009 in
1032 1944 1212 2010 hominibus
1232 1942 1309 2030 pgi-

135 2033 216 2097 vatis
252 2033 450 2109 damnantur.
508 2032 550 2098 At
583 2052 657 2098 vere
692 2024 883 2099 horrendum
917 2038 1001 2097 esset
1024 2033 1131 2097 dicere
1160 2033 1308 2111 insontes

127 2119 288 2200 homines,
319 2121 382 2220 uui,
410 2121 476 2185 sive
499 2127 535 2184 ut
558 2125 757 2186 ostentarent
787 2139 824 2196 se
845 2138 915 2191 esse
937 2120 1066 2186 validos.
1082 2119 1213 2201 pugiles,
1241 2121 1299 2199 aut

135 2207 339 2290 gladiatores,
363 2208 430 2272 sive
452 2216 490 2273 ut
512 2207 615 2273 aliena
645 2213 804 2290 raperent,
829 2209 895 2272 sive
918 2213 955 2273 ut
977 2208 1116 2273 invidiae
1140 2208 1295 2285 cederunt.

136 2297 293 2378 proximos
316 2296 440 2377 privata
462 2297 652 2371 auctoritate
676 2296 819 2362 occidere
840 2295 1080 2362 meditarentur.
1114 2295 1216 2378 Igitur
1236 2306 1297 2365 non

135 2379 304 2449 moveatur.
316 2400 453 2463 unquam
469 2382 596 2461 bellum,
620 2384 682 2447 nisi
698 2383 736 2448 de
753 2385 939 2448 necessariis
955 2383 1137 2466 repetendis
1165 2382 1289 2465 juribus,

136 2471 185 2536 vei
209 2470 347 2535 hostium
369 2471 484 2553 injuste
507 2471 722 2535 invadentium
745 2471 1030 2552 propulsandorum
1054 2489 1158 2537 causa.
1171 2472 1212 2554 10)

436 2804 437 2809 ἵ
483 2732 728 2799 CAPITULUM
749 2732 949 2800 TERTIUM.

290 2871 342 2936 De
366 2872 493 2954 Officiis
516 2878 546 2938 ct
569 2873 757 2940 obediencia
779 2874 910 2940 Ducum
933 2894 970 2939 ao
993 2874 1152 2938 Militum.

168 3017 170 3023 '
242 3010 424 3101 Secundum
461 3012 533 3077 Divi
570 3014 739 3096 Augustini
777 3014 981 3092 sententiam,
1010 3012 1062 3079 'ad
1093 3013 1194 3088 malos
1230 3013 1296 3101 jure

137 3099 321 3182 puniendos,
344 3099 429 3165 bella
451 3100 592 3182 gerenda
620 3103 660 3167 ab
683 3101 759 3184 ipsis
783 3101 872 3166 bonis
896 3102 1119 3183 suscipiuntur,
1151 3119 1248 3183 quum
1267 3099 1297 3165 in

138 3205 176 3253 eo
199 3186 408 3251 humanarum
439 3207 544 3252 rerum
579 3189 689 3253 ordine
711 3189 922 3266 inveniuntur,
957 3189 1011 3252 ubi
1034 3206 1087 3253 eos
1118 3188 1168 3251 rel
1187 3187 1296 3270 jubere

138 3275 203 3339 tale
220 3275 348 3356 aliquid,
365 3274 415 3339 vol
439 3277 470 3339 in
487 3275 606 3340 talibus
622 3277 749 3342 obedire
768 3278 856 3358 juste
872 3277 952 3340 ordo
965 3277 1032 3356 ipse
1048 3276 1249 3357 constringit.
1259 3272 1299 3357 Π)

138 3361 249 3439 Sciant
272 3381 352 3443 ergo
366 3362 469 3428 Duces
493 3382 530 3429 ac
546 3363 663 3429 Milites
686 3383 720 3428 se
743 3364 879 3429 militare
895 3365 1009 3429 debere
1024 3370 1189 3444 tamquam
1205 3365 1300 3429 bonos

86 3526 89 3532 ⁴
138 3450 231 3530 viros,
255 3450 332 3514 Deo
352 3450 556 3516 Sacramento
585 3451 739 3533 Baptismi
771 3451 958 3532 ligat0s312)
994 3469 1032 3516 ac
1054 3451 1187 3532 proinde
1211 3451 1301 3534 'jura-

138 3543 279 3603 mentum
302 3555 359 3602 seu
390 3540 473 3621 quod
496 3545 612 3605 vocant
639 3546 875 3605 sacramentnm
899 3539 1032 3623 Militiae
1056 3556 1118 3611 non
1142 3537 1304 3604 adversari

285 3764 367 3821 Decr.
386 3769 412 3819 2
430 3772 501 3832 part.
521 3766 602 3822 (lans.
622 3765 711 3823 XXH.
730 3764 844 3833 Quaerat.
863 3768 888 3820 8.
907 3781 931 3821 c.
952 3767 993 3821 15.

288 3835 360 3888 Joan
379 3838 404 3889 8,
424 3839 467 3890 44.
540 3839 560 3901 ³)
579 3837 601 3890 1.
619 3837 701 3892 Joan.
720 3837 744 3891 2.
766 3839 807 3893 16.
880 3833 903 3905 4)
921 3837 1009 3903 Apoc.
1029 3839 1070 3889 12.
1090 3840 1114 3889 7.
1167 3900 1169 3905 .

247 3909 267 3968 ὗ)
287 3905 308 3961 l.
327 3904 407 3960 Joan.
426 3910 452 3962 2.
464 3910 513 3972 Ι16.
586 3906 610 3973 ⁶)
630 3907 652 3961 Ι.
670 3907 787 3962 Timoth.
806 3907 831 3961 6.
852 3905 893 3977 lt).
968 3907 989 3974 ⁷)
1007 3905 1080 3975 Eph.
1099 3907 1123 3959 ὃ.
1143 3909 1167 3978 b.

220 4032 222 4037 ,
246 3977 257 4009 ⁸
287 3973 381 4039 Exod,
395 3978 438 4030 34.
459 3980 500 4032 14.
894 4040 897 4045 y

247 4047 258 4080 ⁹
288 4042 431 4099 Judicium
449 4045 628 4100 durissimum
644 4045 688 4099 bia
707 4045 756 4115 qui
768 4049 921 4113 praesunt:
939 4043 1003 4112 Sap.
1022 4048 1050 4100 6.
1066 4048 1093 4101 6.
1113 4042 1115 4047 ’

237 4117 270 4182 ¹⁰)
288 4116 369 4171 Decr.
389 4120 414 4170 2.
432 4123 505 4185 part.
524 4116 604 4171 Cous.
623 4115 726 4170 XXIII.
745 4115 856 4182 Quaest.
874 4118 900 4170 2.
919 4131 941 4169 c.
962 4119 985 4169 1.

239 4186 271 4254 ¹¹)
290 4182 357 4243 Ibid.
376 4184 488 4253 Quaest.
509 4186 526 4240 l.
545 4203 569 4243 c.
587 4189 613 4242 4.
862 4244 864 4249 .

238 4257 272 4326 ¹²)
289 4256 359 4311 Vide
377 4256 540 4326 Martyrium
558 4255 608 4311 SS.
624 4251 749 4310 Mauritii
774 4263 801 4311 et
820 4255 958 4311 sociorum
976 4254 1051 4325 apud
1068 4253 1195 4308 Bolland.
1232 4255 1305 4307 Acta

140 4324 303 4381 Sanctorum
320 4329 364 4381 22.
383 4325 560 4394 Septembris.
672 4322 675 4332 '

209 3821 217 3839 .,
242 3763 267 3837 ,¹)

247 3835 270 3903 ²)
