2872 4874
573 345 611 391 os
635 344 852 392 snommmos.
1237 335 1298 395 241

141 489 176 564 st,
199 488 298 566 prout
319 491 516 565 compertum
539 483 686 562 babetur,
718 483 784 549 fere
813 484 929 566 ubique
950 485 984 549 in
1008 484 1179 552 Germania
1200 487 1301 552 immi·

140 577 221 650 nent,
246 571 298 635 his
320 573 540 651 praesentibus
562 590 601 636 ea
622 577 748 637 tantum
777 578 991 655 exponuntur,
1022 592 1102 655 quae
1132 576 1302 657 praecipue

142 660 414 724 commemoranda
437 677 505 724 esse
530 660 728 724 videbantur.

242 746 316 812 Jam
339 747 442 829 primo
465 764 529 812 non
552 765 684 830 parvam
701 745 919 813 difficultatem
942 748 1084 814 executio
1106 749 1301 834 novaelegis

140 835 256 917 ingerit
279 836 311 899 in
334 834 488 900 relatione
511 835 552 899 ad
575 834 803 915 rempublicam
833 835 966 901 civilem.
1011 837 1099 901 llaec
1121 838 1204 902 enim
1226 845 1301 903 vota

140 923 295 1004 simplicia
318 940 379 987 non
402 922 519 1004 ubique
541 928 578 987 ut
601 921 679 987 talia
702 923 896 1003 considerat,
929 924 1042 1005 quibus
1064 931 1214 991 voventes
1236 944 1300 991 mo·

138 1012 280 1076 nasterio
301 1011 428 1075 cuidam
450 1011 699 1093 incorporentur,
723 1011 755 1074 in
774 1011 924 1077 Helvetia
946 1030 1030 1091 vcro,
1053 1012 1108 1077 ubi
1131 1012 1169 1078 de
1193 1032 1302 1095 recep-

136 1101 222 1164 tione
237 1099 487 1180 alienigenarum
510 1100 543 1163 in
559 1097 711 1163 Ordinem
733 1099 847 1180 agitur,
870 1105 998 1181 practer
1014 1106 1132 1166 certam
1148 1101 1300 1182 pecuniae

134 1204 303 1265 summam,
328 1187 469 1251 dimissio
492 1205 616 1268 quoque
638 1205 659 1250 a
681 1186 786 1268 patrio
815 1187 968 1268 gubernio
991 1188 1135 1269 exigitur.
1181 1189 1301 1267 Quibus

133 1294 246 1340 rerum
268 1275 428 1356 adjunctis
443 1276 549 1356 itaque
573 1272 663 1338 facile
678 1270 747 1338 fieri
763 1279 876 1356 potest,
901 1275 996 1356 idque
1019 1294 1081 1340 non
1097 1277 1164 1340 sine
1187 1294 1301 1358 magno

133 1364 329 1428 detrimento
352 1363 520 1444 respectivi
549 1362 744 1442 monasterii,
779 1366 816 1426 ut
846 1361 1003 1444 religiosi,
1035 1367 1062 1429 si
1084 1369 1193 1430 exacto
1215 1364 1302 1430 novi-

133 1453 221 1517 tiatu
246 1469 309 1514 non
324 1451 433 1516 statim
458 1451 499 1516 ad
515 1449 739 1531 professionem
755 1449 927 1515 solemnem
950 1451 1168 1532 admittantur,
1191 1450 1302 1517 officiis

134 1539 284 1604 civilibus
306 1547 402 1620 atque
430 1539 583 1620 imprimis
612 1538 803 1602 militaribus
836 1555 913 1603 suae
934 1539 1058 1619 patriae
1087 1540 1231 1606 obstricti
1252 1558 1302 1605 re‘·

134 1631 298 1706 maneant,
321 1625 371 1690 vel
394 1625 450 1690 ubi
468 1627 533 1709 juri
556 1626 695 1691 civitatis
717 1625 822 1706 patria
843 1625 876 1689 in
890 1626 1020 1708 regione
1042 1629 1302 1706 renuntiaverint,

135 1723 169 1780 et
191 1715 395 1797 postmodum
420 1721 494 1779 ante
517 1713 742 1796 professionem
766 1718 912 1778 votorum
933 1713 1119 1778 solemnium
1143 1715 1303 1781 dimittan-

134 1809 199 1882 tur,
223 1801 279 1866 illo
304 1803 377 1884 jure
404 1802 476 1867 hinc
504 1803 589 1867 illinc
618 1802 737 1883 privati
768 1803 917 1867 existant.
962 1801 1033 1866 Non
1056 1802 1172 1866 mirum
1194 1803 1301 1886 igitur,

136 1893 163 1956 si
186 1890 306 1955 talibus
328 1908 435 1955 rerum
458 1890 623 1956 eventibus
647 1890 755 1973 plures
772 1908 792 1954 a
807 1889 1004 1971 capessenda
1024 1889 1176 1971 religione
1199 1890 1304 1956 deter-

138 1986 280 2057 reantur,
315 1977 410 2059 idque
433 1997 470 2043 eo
493 1979 611 2060 magis,
645 1997 716 2043 cum
736 1979 804 2059 jam
826 1976 865 2042 de
893 1983 998 2042 cetero
1024 1977 1111 2060 leges
1139 1976 1247 2044 civiles
1271 1983 1304 2044 et

139 2066 282 2148 publicas
305 2067 337 2130 in
359 2065 505 2131 Helvetia
528 2072 561 2131 et
583 2066 658 2131 alibi
680 2065 844 2130 ordinibus
873 2065 1030 2147 religiosis
1052 2064 1234 2130 nullatenus
1257 2064 1304 2130 fa-

139 2173 214 2219 vere
237 2159 372 2219 constat.
1141 2164 1144 2169 “

245 2239 337 2307 Nova
360 2260 418 2306 nec
441 2242 543 2306 minor
565 2240 734 2306 difficultas
756 2241 898 2323 exsurgit
920 2241 1027 2322 quoad
1048 2240 1119 2306 illos
1141 2241 1301 2324 religionis

141 2330 341 2406 candidatos
364 2331 419 2411 qui
441 2329 482 2394 ad
504 2346 612 2394 sacros
640 2329 767 2394 ordines
797 2329 1022 2410 suscipiuntur.
1075 2328 1149 2394 Sine
1172 2330 1303 2411 speciali

141 2418 223 2481 enim
245 2417 372 2482 indultu
394 2416 426 2483 S.
450 2417 540 2482 Sedis
565 2416 721 2499 ejusmodi
747 2417 925 2499 religiosos,
958 2417 1096 2482 nondum
1119 2417 1303 2482 solemniter

140 2504 316 2587 professos,
351 2506 477 2570 etiamsi
508 2504 538 2570 S.
567 2505 760 2586 Theologiae
790 2504 981 2570 curriculum
1005 2506 1072 2588 jam
1100 2503 1303 2585 absolverint,

141 2593 182 2658 ad
205 2592 237 2658 S.
262 2591 397 2658 Ordines
422 2611 607 2674 promovere
641 2612 706 2657 non
729 2592 822 2673 licet3
856 2594 980 2658 sivero
1016 2611 1056 2657 ex
1077 2592 1208 2675 speciali
1231 2611 1304 2658 cou-

141 2680 338 2748 cessiones.
363 2680 451 2746 Sedis
475 2680 645 2746 Ordinibus
675 2698 700 2744 s.
724 2681 891 2745 initiantur
916 2687 949 2745 et
972 2687 1079 2746 tameo
1102 2681 1304 2762 postmodum

141 2774 215 2833 ante
239 2768 408 2834 solemnem
432 2767 661 2850 professionem
684 2787 704 2832 a
726 2767 880 2849 religione
903 2768 1120 2847 dimittuntur,
1150 2769 1225 2850 ipsi,
1256 2769 1305 2833 nti

141 2857 295 2922 monitum
318 2863 375 2936 est,
400 2857 523 2920 tamdiu
545 2856 585 2920 ab
610 2857 759 2921 exercitio
783 2855 937 2920 Ordinum
960 2857 1107 2937 suspensi
1130 2863 1304 2936 remanent,

141 2943 242 3011 donec
265 2943 304 3009 de
340 2962 479 3026 congruo
509 2944 698 3026 patrimonio
727 2943 769 3007 ad
799 2943 1032 3025 praescriptum
1064 2942 1118 3010 SS.
1147 2962 1305 3009 canonum

140 3030 377 3112 provideantur.

247 3118 354 3184 Facile
367 3120 566 3202 perspicitur,
590 3137 671 3200 quae
693 3123 726 3183 et
749 3123 867 3200 quanta
889 3117 963 3182 inde
982 3119 1181 3183 incommoda
1203 3124 1237 3184 et
1252 3120 1307 3184 de·
1397 3155 1400 3163 ⁴

141 3208 294 3272 trimenta
315 3209 348 3271 in
370 3207 564 3271 monasteria
587 3224 649 3271 non
666 3207 768 3270 minus
792 3224 830 3270 ac
852 3206 884 3270 in
906 3206 993 3287 ipsos
1008 3204 1167 3288 professos
1189 3207 1307 3272 redun-

142 3296 221 3360 dare
243 3311 373 3360 necesse
394 3295 447 3375 sit,
470 3295 565 3375 idque
589 3312 628 3358 eo
650 3295 766 3374 magis,
794 3311 866 3359 cum
889 3294 1020 3375 insuper
1042 3295 1307 3360 Revercudissimi

142 3381 304 3447 Ordinarii
327 3389 441 3465 aperta
463 3400 501 3446 ex
517 3383 638 3446 ratione
660 3381 748 3446 haud
762 3399 878 3461 pronos
901 3398 936 3445 se
957 3381 1129 3446 ostendunt
1151 3382 1307 3465 ejusmodi

143 3470 308 3552 religiosos
331 3469 511 3549 ordinandi,
545 3475 577 3534 et
600 3471 650 3534 vir
672 3467 866 3550 sperandum
895 3475 958 3549 est,
992 3469 1120 3535 eosdem
1143 3470 1306 3552 proniores

142 3557 221 3638 fieri,
245 3557 328 3623 tales
350 3577 370 3622 a
391 3557 543 3638 religione
566 3558 709 3621 dimissos
723 3556 906 3638 recipiendi.
942 3556 1035 3634 Quod
1058 3558 1172 3621 mirum
1194 3557 1307 3638 igitur,

142 3647 170 3711 si
192 3646 313 3728 pariter
335 3645 426 3710 multi
441 3645 592 3728 eJusmodi
607 3643 754 3709 infaustis
770 3644 918 3726 auspiciis
934 3644 1081 3709 deterriti
1102 3643 1143 3708 ab
1158 3645 1306 3726 ingressu

142 3733 175 3797 in
198 3733 384 3816 religionem
408 3735 597 3798 arceantur?

249 3820 382 3886 Accedit
405 3821 539 3902 denique
556 3821 652 3884 tertia
667 3825 700 3883 et
715 3820 841 3900 quidem
856 3818 1020 3901 hucusque
1035 3819 1188 3900 expositis
1206 3818 1306 3884 multo

143 3909 272 3991 gravior
293 3909 391 3988 ratio,
424 3926 486 3989 qua
508 3926 621 3974 revera
652 3907 889 3989 comprobatur,
920 3925 978 3989 per
1000 3924 1115 3972 novam
1137 3903 1307 3988 profitendi

144 3997 246 4078 legem
276 3996 450 4061 salutarem
480 3995 583 4075 finem,
616 3995 774 4076 adquam
803 3993 891 4059 illam
920 3995 994 4060 aS.
1023 3990 1176 4059 Pontifice
1205 3994 1307 4059 latam

144 4084 371 4166 cognoscimus,
404 4084 603 4164 pessumdari
636 4083 742 4164 potius
776 4101 870 4164 quam
903 4082 1047 4147 obtineri.
1092 4081 1189 4146 Teste
1222 4083 1307 4146 enim

144 4172 342 4254 experientia
363 4170 516 4254 professio
547 4176 694 4236 votorum
723 4171 924 4250 solemnium,
954 4169 1136 4234 introducta
1164 4169 1235 4252 lege
1267 4170 1308 4234 de

144 4258 338 4340 professione
375 4265 518 4324 votorum
551 4258 754 4340 simplicium,
789 4257 924 4322 multum
961 4255 1045 4320 illius
1079 4256 1308 4323 saluberrimae
1356 4318 1361 4327 .

144 4347 305 4412 efficaciae
327 4350 360 4411 et
379 4348 428 4410 vis
451 4346 597 4428 perdidit,
621 4364 716 4426 quam
739 4345 826 4426 prius
849 4344 1035 4409 inanimum
1058 4347 1090 4408 et
1112 4344 1307 4410 voluntatem

198 4466 319 4508 Moerin.
337 4465 491 4507 nocumenta
1168 4451 1201 4502 16
