2872 4874
571 322 782 396 'ccxsrrrurro
805 349 976 397 nccxarml

753 505 811 570 111.

706 644 759 710 De
780 646 853 726 fide.

306 791 333 848 l.
358 784 392 849 Si
415 786 485 866 quis
508 785 631 864 dixerit,
663 786 820 850 rationem
841 785 1012 850 humanam
1034 789 1080 852 ita
1102 788 1367 869 independentem

197 890 275 952 esse,
300 877 337 937 ut
358 872 436 938 fides
459 872 490 938 ei
511 892 531 938 a
553 873 620 939 Deo
644 873 794 954 imperari
816 891 880 939 non
902 875 1017 955 possit3
1053 875 1224 941 anathema
1246 877 1298 940 sit.

305 965 333 1024 2.
358 960 391 1026 si
415 961 484 1040 quis
508 961 639 1038 dixerit,
672 959 767 1026 fidem
796 961 934 1026 divinmn
962 982 981 1026 a
1004 963 1143 1028 naturah
1175 963 1214 1028 de
1236 963 1305 1029 Deo
1334 969 1366 1028 et

197 1049 293 1114 rebus
316 1047 487 1113 moralibus
510 1048 643 1113 scientia
665 1064 729 1112 non
754 1049 918 1130 distingui,
953 1069 990 1116 aa
1012 1056 1184 1134 propterea
1207 1052 1247 1116 ad
1271 1050 1366 1116 fidem

198 1137 339 1201 divinam
361 1154 424 1201 non
447 1137 582 1216 requiri,
612 1141 649 1200 ut
677 1137 820 1201 revelata
847 1138 966 1202 veritas
988 1145 1119 1220 propter
1143 1140 1366 1205 auctoritatem

198 1224 258 1288 Dei
280 1223 450 1289 revelantis
474 1223 639 1304 credatur3
663 1223 836 1289 anathema
858 1226 909 1290 sit.

306 1316 335 1376 3.
360 1311 393 1376 Si
417 1311 486 1392 quis
510 1311 641 1386 dixerit,
673 1312 896 1377 revelationem
930 1312 1069 1377 divinam
1100 1315 1237 1378 externis
1270 1315 1367 1394 signis

198 1399 379 1466 credibilem
402 1397 471 1462 fieri
493 1416 557 1463 non
580 1416 688 1481 posse,
722 1400 857 1480 ideoque
887 1400 955 1466 sola
984 1403 1110 1466 interna
1141 1402 1293 1482 cujnsque
1316 1419 1367 1465 ex-

198 1487 353 1574 perientia
384 1492 440 1551 a'ut
468 1487 678 1569 inspiratione
712 1489 839 1569 privata
871 1488 1015 1554 homines
1048 1489 1090 1554 ad
1121 1487 1215 1554 tidem
1249 1490 1369 1553 moveri

198 1576 330 1653 debere;
354 1574 525 1640 anathema
547 1574 599 1639 sit.

262 1679 265 1683 ·
305 1669 335 1747 4.
360 1663 485 1743 Siquis
509 1662 633 1742 dixerit,
657 1663 811 1727 miracula
833 1663 922 1727 nulla
944 1662 1014 1728 fieri
1037 1681 1148 1745 posse,
1171 1665 1367 1747 proindeque

200 1768 308 1816 omnes
331 1751 372 1815 de
395 1750 435 1814 iis
456 1751 671 1830 narrationes,
708 1751 804 1815 etiam
834 1751 866 1814 in
889 1768 982 1816 sacra
1003 1749 1168 1833 Scriptura
1191 1756 1367 1832 contentas,

198 1840 283 1904 inter
305 1837 431 1902 fabulas
453 1838 504 1901 vel
527 1838 650 1920 mythos
675 1838 869 1920 ablegandas
892 1856 979 1920 esse;
1014 1844 1071 1904 aut
1098 1840 1251 1905 miracula
1279 1846 1369 1905 certo

199 1927 348 2009 cognosci
369 1943 529 2007 nunqnam
552 1943 659 2007 posse,
682 1937 741 1992 hec
764 1927 802 1990 iis
827 1926 967 1991 divinam
988 1927 1150 2008 religionis
1174 1929 1367 1992 christianae

200 2016 354 2097 originem
377 2014 440 2078 rite
462 2013 606 2094 probari3
630 2013 800 2078 anathema
823 2016 876 2080 sit.

309 2107 339 2167 5.
362 2101 395 2166 Si
418 2101 489 2181 quis
512 2101 644 2181 dixerit,
680 2120 845 2167 assensum
875 2098 951 2165 fidei
985 2102 1177 2169 christianae
1206 2122 1270 2168 non
1299 2121 1377 2166 esse·

199 2189 342 2268 liberum,
367 2188 424 2254 sed
446 2190 641 2270 argumentis
676 2189 832 2255 humanae
861 2189 995 2254 rationis
1018 2193 1197 2256 necessario
1220 2191 1369 2271 produci,

202 2284 259 2343 aut
294 2277 335 2341 ad
372 2276 472 2342 solam
502 2275 595 2341 fidem
628 2278 749 2357 vivam,
784 2295 866 2359 quae
898 2295 955 2356 per
990 2278 1177 2342 charitatem
1209 2283 1368 2357 operatur,

204 2367 344 2448 gratiam
367 2365 427 2429 Dei
450 2364 662 2429 necessariam
686 2383 771 2445 esse,
796 2363 968 2430 anathema
990 2366 1040 2428 sit.

311 2457 340 2517 d.
363 2451 398 2517 Si
420 2452 490 2532 quis
514 2451 638 2532 dixerit,
661 2471 773 2534 parem
796 2470 866 2518 esse
889 2451 1100 2516 conditionem
1115 2448 1255 2516 fidelium
1276 2454 1378 2530 atque

202 2558 321 2619 eorum,
346 2540 400 2621 qui
423 2539 465 2603 ad
486 2537 582 2604 fidem
604 2541 695 2605 unice
717 2559 826 2606 veram
850 2538 990 2603 nondum
1013 2542 1234 2620 pervenerunt,
1265 2536 1311 2601 ita
1333 2544 1371 2600 nt

202 2627 351 2693 catholici
381 2628 502 2709 justam
537 2645 664 2692 oausam
697 2629 816 2693 habere
849 2627 989 2706 possint,
1030 2624 1143 2706 fidem,
1180 2643 1274 2707 quam
1310 2625 1369 2689 sub

202 2713 368 2785 Ecclesiae
401 2715 584 2797 magisterio
619 2715 687 2797 jam
721 2716 948 2797 susceperunt,
984 2720 1115 2779 assensu
1152 2730 1303 2794 suspenso
1338 2713 1371 2775 in

203 2805 333 2869 dubium
355 2803 504 2882 vocandi,
535 2803 634 2867 donec
657 2802 961 2868 demonstrationem
984 2799 1187 2870 scientificam
1211 2799 1378 2865 credibili·

202 2891 279 2956 tatis
304 2896 337 2956 et
359 2890 505 2956 veritatis
528 2888 603 2954 fidei
625 2909 701 2955 suae
725 2889 935 2969 absolverint,
959 2890 1129 2954 anathema
1151 2889 1202 2952 sit.

764 3099 819 3163 lv.

616 3238 667 3305 De
687 3238 752 3320 fide
774 3244 805 3304 et
826 3239 961 3303 ratione.

313 3385 340 3447 1.
365 3380 399 3445 si
427 3379 498 3461 quis
529 3379 656 3459 dixerit,
690 3379 727 3443 in
760 3377 952 3444 revelatione
981 3378 1086 3443 divina
1115 3377 1203 3443 nulla
1232 3396 1310 3443 vera
1340 3383 1373 3442 et

203 3469 332 3550 proprie
355 3468 441 3534 dieta
462 3467 616 3549 mysteria
645 3468 815 3547 contineri,
848 3466 905 3532 sed
936 3467 1087 3531 universa
1117 3463 1192 3530 fidei
1221 3466 1382 3548 dogmata.

203 3572 297 3635 posse
319 3573 377 3637 per
406 3555 563 3620 rationem
590 3554 653 3619 rite
675 3554 839 3622 ,excultam
869 3573 886 3619 e
916 3553 1118 3619 naturalibus
1139 3554 1301 3635 principiis
1324 3553 1372 3617 in·

204 3641 307 3724 telligi
330 3648 363 3707 et
386 3642 612 3720 demonstrari3
634 3641 807 3707 anathema
829 3642 881 3707 sit.

314 3734 343 3795 2.
367 3728 398 3795 Si
422 3729 493 3810 quis
517 3730 649 3810 dixerit,
681 3729 864 3812 disciplinas
887 3729 1044 3794 humanas
1068 3747 1106 3794 ea
1129 3747 1201 3794 oum
1223 3726 1373 3793 libertate

205 3817 388 3889 tractandas
411 3834 491 3896 esse,
514 3823 552 3882 ut
573 3834 683 3883 earum
704 3817 909 3900 assertiones,
943 3818 1004 3882 etsi
1026 3818 1188 3883 doctrinae
1210 3814 1381 3879 revelatae-

205 3907 429 3984 adversentur,
461 3909 614 3987 tanquam
636 3923 733 3970 verae
753 3905 900 3986 retineri,
934 3923 1036 3987 neque
1066 3905 1107 3969 ab
1130 3901 1275 3967 Ecclesia
1301 3919 1383 3983 pro-v

206 3992 302 4067 scribi
323 3991 463 4074 porsina
487 3992 658 4059 anathema
680 3993 732 4059 sit.

314 4083 343 4145 3.
366 4077 400 4144 Si
423 4079 494 4161 quis
517 4080 641 4169 dixerit,
665 4077 733 4146 fieri
756 4097 859 4162 posse,
883 4086 920 4145 ut
944 4077 1145 4162 dogmatibus
1167 4077 1209 4142 ab
1230 4077 1374 4142 Ecclesia

206 4166 377 4249 propositis
424 4166 593 4250 aliquando
628 4167 801 4233 secundum
837 4184 1041 4251 progressum
1075 4164 1226 4231 scientiae
1263 4181 1383 4229 sensus.

207 4252 396 4321 tribuendus
419 4255 462 4320 sit
486 4255 567 4322 alius
591 4257 631 4321 ab
654 4273 700 4336 eo,
724 4273 818 4337 quem
832 4255 993 4321 intellexit
1005 4260 1038 4319 et
1051 4253 1201 4335 intelhgit
1216 4251 1374 4330 Ecclesia3

81 4390 85 4397 .
207 4342 378 4408 anathema
400 4344 451 4410 sit.
