2932 4896
472 314 568 363 muns
591 313 695 361 assunt
719 314 755 359 nr
778 311 990 361 rnssoussurt.
1248 298 1312 359 265

146 508 336 564 Messanensis
364 506 472 574 Aloysii
498 505 628 572 Archiep.
646 532 682 544 ·-
705 503 875 571 postulatum
898 503 1019 557 attinens
1039 501 1145 570 praela·
1219 448 1261 491 hg

253 603 345 649 turam
364 593 584 648 archimandritis
604 600 648 648 etc
651 628 1143 647 ............
1184 591 1233 643 188
1254 605 1294 657 sq.

149 685 262 752 Missae,
282 683 392 751 schema
411 682 444 736 de
463 680 592 736 oneribus
612 710 644 719 -
698 717 1146 735 ...........
1187 680 1235 731 136
1254 693 1295 744 sq.

147 877 277 930 Nicolaus
300 875 352 944 Ep.
372 875 580 929 Concordiensis
612 909 1144 928 .............
1183 872 1233 923 186

147 964 254 1018 Nomen
273 963 481 1017 Sanctissimum
499 963 576 1028 lesu,
596 960 765 1029 postulatum
784 962 905 1014 attinens
926 989 957 998 -
1002 999 1010 1013 .
1049 999 1055 1013 .
1091 998 1099 1013 .
1136 999 1143 1013 .
1180 962 1232 1010 204
1252 973 1312 1025 sqq.

148 1138 373 1206 (lutologismum,
392 1137 533 1206 postulata
551 1122 649 1192 contra
667 1166 702 1175 —
738 1173 967 1191 ......
967 1207 970 1211 1
970 1173 1012 1224 ὓ.
1052 1172 1059 1188 .
1095 1172 1104 1187 .
1140 1174 1147 1186 .
1201 1135 1235 1186 55
1254 1146 1314 1200 sqq.

148 1227 341 1294 Ordinationis‚
362 1226 473 1281 schema
491 1225 524 1280 de
543 1223 632 1279 titulis
652 1253 687 1263 —
740 1260 1144 1278 ..........
1182 1223 1233 1273 138

149 1314 338 1379 Orientalium,
356 1315 496 1381 postulata
514 1315 543 1367 in
563 1313 681 1381 gratiam
699 1310 857 1365 scholarum
877 1340 911 1348 -
959 1348 1143 1364 .....
1179 1312 1230 1361 221
1251 1324 1315 1376 sqq.

144 1402 299 1456 ¹orientalis
317 1402 405 1470 ritus,
434 1402 598 1456 documenta
622 1399 722 1455 adres
745 1428 780 1443 ·-
801 1427 832 1439 ·-
862 1408 890 1452 et
908 1398 1065 1452 missionum
1084 1413 1145 1465 per-

255 1489 372 1543 tinentia
427 1526 1142 1544 .................
1180 1489 1232 1539 247

152 1683 243 1751 Peuci,
261 1681 386 1736 loachim
404 1679 485 1733 Card.
505 1712 535 1718 ·-
557 1679 686 1749 Episcop.
706 1682 855 1735 Perusinus
875 1719 1146 1734 .......
1200 1684 1233 1733 62

150 1769 249 1823 Petitio
269 1770 302 1823 de
320 1768 382 1836 lege
394 1767 509 1822 ferenda
528 1769 556 1819 in
570 1767 727 1823 sacerdotes
747 1770 889 1823 rarissime
908 1766 1148 1823 sacramentaliter

275 1855 443 1910 confitentes
470 1885 475 1895 =
485 1895 1150 1914 ................
1186 1852 1239 1909 iao

153 1944 259 2010 Pluym,
280 1947 341 1998 Aut.
360 1943 419 1996 Jos.
438 1943 490 2010 Ep.
509 1943 648 2011 Nicopolit
650 1983 1144 1999 ............
1199 1947 1233 1997 70

150 2028 280 2083 Pontifex
298 2030 437 2084 Romanus
463 2032 491 2086 in
510 2031 593 2085 rebus
618 2031 682 2087 fidei
701 2041 730 2087 et
748 2049 854 2086 morum
873 2031 1033 2087 definiendis
1053 2047 1147 2086 errare

256 2134 310 2171 non
323 2123 415 2184 potest
427 2117 525 2186 (caput
537 2119 690 2174 addendum
702 2121 813 2175 decreto
824 2122 857 2176 de
866 2121 945 2175 Rom.
957 2122 1036 2174 Pont.
1048 2120 1144 2189 Prius.)
1200 2123 1232 2171 41

150 2205 305 2269 Postulata,
325 2218 397 2270 quae
414 2206 555 2271 pertinent
574 2206 610 2261 ad
628 2223 674 2261 res
693 2207 861 2277 dogmaticas
916 2248 1144 2265 ......
1201 2210 1234 2260 55

151 2291 325 2347 Postulatum
344 2292 523 2359 complurium
541 2303 651 2361 patrum
667 2296 703 2348 ad
721 2294 895 2362 praesentem
907 2296 1017 2365 generis
1037 2297 1147 2349 humani

258 2380 444 2435 tristissimam
462 2382 647 2437 conditionem
666 2390 796 2451 spectans
833 2422 1146 2438 ........
1200 2386 1234 2436 ild

151 2469 302 2522 Potestatis
325 2468 417 2523 civilis
443 2468 489 2536 jus
514 2476 543 2523 et
569 2486 635 2524 usus
664 2469 812 2525 secundum
837 2471 971 2526 ecclesiae
992 2470 1148 2525 catholicae

256 2556 410 2611 doctrinam
429 2555 551 2624 (schema
569 2564 656 2613 const.
675 2560 773 2628 dogm.)
787 2598 1145 2614 .........
1200 2563 1234 2610 th
1328 2546 1330 2551 ¹

150 2642 300 2710 Primatus‚
320 2644 414 2698 Const.
433 2644 523 2712 dogm.
543 2645 565 2701 1.
584 2644 619 2699 de
637 2647 788 2715 Apostolici
808 2677 841 2687 -
859 2650 887 2702 in
905 2648 985 2703 beato
1004 2648 1088 2703 Petro
1107 2648 1147 2700 in·

258 2732 404 2785 stitutione
435 2771 1145 2791 .................
1201 2738 1233 2788 15

151 2818 300 2888 Primatus‚
320 2818 353 2875 de
371 2821 559 2888 perpetuitate
579 2850 611 2858 -
633 2820 710 2876 Petri
728 2824 757 2878 in
775 2824 904 2880 Romanis
923 2823 1101 2879 Pontificibus
1140 2865 1146 2877 .
1201 2826 1235 2876 ld

223 2950 236 2978 „
320 2908 354 2965 de
374 2911 399 2963 vi
418 2915 445 2964 et
466 2910 573 2964 ratione
654 2948 1145 2967 ............
1201 2913 1234 2966 18

223 3037 235 3065 ,
318 2998 434 3052 Romani
453 2997 594 3052 Pontificio
614 2996 737 3063 (schema
755 3008 842 3054 const.
862 3000 949 3067 dogm.
969 2999 1001 3054 de
1020 2999 1147 3066 ecclesia)
1201 3002 1235 3053 39
1254 3015 1315 3067 sqq.

151 3085 297 3151 Privilegia
315 3094 342 3140 et
362 3086 560 3154 exemptiones,
579 3084 751 3152 postulatum
770 3085 806 3139 ad
824 3116 858 3126 —
877 3096 1005 3158 spectans
1050 3127 1058 3142 .
1094 3126 1102 3141 .
1138 3127 1145 3140 .
1184 3090 1234 3140 188
1279 3099 1284 3104 ·

151 3172 354 3242 Propagatione
366 3172 440 3240 fidei,
458 3175 628 3242 postulatum
646 3172 805 3239 ingratiam
824 3176 886 3241 piae
904 3192 1006 3245 operae
1025 3191 1042 3230 a
1060 3204 1094 3215 -
1112 3206 1146 3215 -

255 3272 429 3331 nuncupatae
478 3300 1144 3320 ................
1181 3269 1234 3318 220

149 3433 334 3506 Quebecensis
364 3445 392 3490 et
419 3426 632 3504 Haliiaxiensis,
659 3436 800 3505 postulata
823 3437 1100 3509 Archicpiscoporum
1119 3448 1146 3496 et

258 3522 458 3592 Episcoporum
476 3526 676 3594 provinciarum
696 3553 730 3564 -
790 3564 1147 3586 .........
1186 3531 1235 3582 180
1254 3544 1315 3597 sqq.

153 3696 284 3760 Ratione,
305 3697 474 3754 Constitutio
493 3701 583 3768 dogm.
602 3700 706 3755 deiide
725 3705 753 3755 et
772 3730 804 3738 —
837 3740 1150 3760 ........
1222 3709 1238 3759 9
1256 3722 1298 3773 sq.

150 3784 313 3853 Regulam,
332 3787 474 3841 schemata
492 3789 723 3855 constitutionum,
745 3804 816 3857 quae
835 3790 976 3857 pertinent
995 3792 1030 3845 ad
1048 3820 1102 3847 —.
1139 3834 1147 3847 .
1182 3797 1235 3848 229

363 3874 477 3930 Schema
494 3878 694 3931 constitutionis
713 3877 747 3932 de
765 3877 941 3946 regularibus
953 3885 1064 3946 patrum
1083 3894 1149 3935 exa·

468 3965 534 4019 mini
553 3967 725 4033 propositum

364 4049 480 4104 Schema
498 4053 701 4108 constitutionis
721 4070 804 4123 super
822 4061 887 4109 roto
906 4055 1078 4109 obedientiae
1097 4094 1104 4108 .
1141 4095 1148 4109 .
1183 4061 1236 4110 230

416 4177 429 4204 „
594 4181 606 4208 ,
758 4184 771 4212 „
821 4143 1013 4211 periectavita
1026 4143 1158 4196 communi
1184 4147 1235 4196 231
1256 4161 1315 4214 sqq.

419 4265 432 4292 „
597 4270 609 4293 ,
719 4232 752 4285 de
771 4233 901 4286 clausura
920 4269 1146 4286 ......
1183 4233 1235 4284 235

364 4312 518 4383 Postulata,
538 4330 608 4382 quac
626 4319 766 4385 pertinent
785 4319 821 4373 ad
839 4321 979 4388 regulares
1008 4359 1016 4374 .
1052 4358 1059 4374 .
1096 4358 1103 4372 .
1139 4358 1147 4373 ·
1182 4319 1235 4372 238
