2872 4874
239 312 300 372 llll
736 321 905 370 rosmnnru

233 465 369 546 scriptus
391 463 466 529 licet
480 463 627 528 minimus
643 461 720 528 Ven.
737 462 869 527 Patrnm
885 460 1158 546 congregatorum
1173 479 1208 527 ae
1224 471 1377 545 cognoscat

234 570 271 617 ac
293 552 416 617 sincere
430 550 579 630 fateatur,
604 548 804 622 nihilomiuus
821 549 977 615 desiderio
993 550 1133 633 flagrans
1148 549 1279 631 aliquod
1292 568 1377 616 rema·

233 636 326 705 dium'
353 645 545 704 memoratae
578 636 691 720 plagae
704 635 895 717 'inferendi‚
931 642 1114 721 sequentem
1145 637 1378 719 propositionem

231 729 297 793 sive
325 727 455 792 schema
485 726 569 806 quod
596 725 705 789 sanius
735 726 925 807 sapientium
948 727 1080 792 Patrum
1107 725 1227 806 judicio
1259 726 1379 790 examini

230 820 264 880 et
284 815 471 896 prudentiae
493 814 619 878 omnino
642 813 797 895 subjicere
820 813 974 892 intendit,
998 818 1093 894 pmut
1118 814 1152 877 in
1175 813 1310 878 Domino
1330 812 1379 877 sibi

230 902 362 981 videtur,
387 901 525 984 exponit.

340 1012 367 1072 l.
392 1006 539 1088 Episcopi
568 1007 601 1069 in
632 1023 690 1068 sua
725 1005 940 1086 unusquisque
973 1004 1119 1070 Dioecesi
1160 1005 1379 1087 quamprimum

229 1093 297 1161 fieri
319 1096 438 1176 poterit
459 1093 569 1158 habita
590 1093 712 1157 ratione
735 1092 1045 1157 circumstantiarum
1067 1094 1236 1173 temporis,
1260 1091 1379 1171 lorias

231 1182 405 1247 mediorum
434 1199 515 1262 quae
552 1181 720 1260 unicuique
749 1180 907 1262 Episcopo
937 1184 1068 1261 praesto
1099 1186 1211 1258 emant,
1246 1181 1326 1263 erigi
1354 1184 1379 1244 at
1425 1202 1427 1211 ·

230 1271 353 1351 aperire
366 1269 522 1334 curabunt
535 1286 630 1331 unam
653 1267 704 1331 vel
726 1267 832 1348 plures
854 1268 964 1332 domos
980 1267 1235 1333 accommodatos
1253 1269 1296 1333 ad
1311 1269 1380 1334 exci-

230 1356 360 1440 piendos
384 1356 571 1422 Sacerdotes
595 1356 768 1437 dequibus
792 1353 886 1430 infra,
919 1355 972 1434 qui
996 1373 1192 1420 communem
1212 1355 1312 1420 vitam
1331 1356 1379 1420 sub

230 1449 318 1509 certa
342 1444 451 1525 regula
473 1445 505 1508 in
529 1462 567 1507 ea
589 1443 704 1524 degere
727 1442 896 1507 debebunt.

336 1553 365 1612 2.
389 1547 541 1630 Sumptus
564 1567 621 1630 pro
644 1548 682 1612 iis
699 1546 843 1613 domibus
860 1548 1080 1630 comparandis
1096 1567 1132 1614 ac
1149 1549 1380 1614 manutenendis

230 1636 424 1702 necessarios
457 1636 667 1718 providebunt
689 1633 853 1716 Episcopi,
876 1634 928 1700 nel
957 1639 1046 1700 taxas
1076 1637 1268 1718 imponendo
1298 1654 1381 1719 super

156 1787 162 1805 ι
227 1723 380 1790 beneficia
407 1724 573 1807 pinguiora
603 1729 699 1805 prout
728 1723 943 1788 constituebat
965 1723 1185 1788 Tridentinum
1213 1743 1273 1806 pro
1297 1723 1382 1790 Semi·

228 1811 327 1877 uariis
351 1811 523 1893 erigendis,
554 1809 605 1877 uel
628 1829 667 1875 ex
690 1811 912 1876 donationibus
935 1811 1060 1893 piarum
1082 1828 1305 1893 personarum,
1337 1815 1382 1876 aut

229 1898 435 1982 eleemosynis
456 1897 615 1975 fidelium,
650 1897 716 1963 sive
745 1917 783 1969 er
809 1898 879 1963 aliis
909 1897 1048 1963 lontibus
1075 1898 1167 1979 juxta
1195 1899 1382 1967 diversamur

229 1986 427 2054 Dioecesium
448 1987 636 2069 positionem
658 2003 695 2050 ac
716 1987 976 2067 circumstantias.

336 2098 364 2157 3.
399 2093 427 2156 Α
462 2091 675 2174 publicatione
704 2090 798 2173 hujus
834 2094 1060 2156 sacrosanctae
1091 2090 1210 2174 Synodi
1245 2091 1380 2178 Episcopi

227 2180 348 2245 nullum
371 2176 518 2246 clericum
541 2177 733 2243 ordinabunt
756 2178 797 2242 ad
813 2178 1078 2244 subdiaconatum
1099 2178 1192 2244 titulo
1209 2178 1378 2262 patrimonii

227 2267 444 2334 Ecclesiastici
482 2264 533 2331 vel
566 2265 717 2347 simplicis
744 2265 905 2344 beneficii,
941 2266 1003 2330 nisi
1038 2271 1112 2332 ante
1150 2265 1379 2334 Ordinationen

226 2357 402 2438 promittat,
426 2373 464 2420 ac
487 2354 583 2419 ctiam
605 2353 790 2435 interposito
809 2355 992 2436 juramento
1016 2372 1052 2419 se
1067 2355 1195 2438 obliget,
1220 2356 1333 2422 statim
1352 2372 1381 2420 ac

226 2443 268 2508 ad
289 2441 509 2509 Sacerdotium
531 2445 695 2522 promotus
716 2438 829 2521 fuerit,
861 2441 902 2506 ad
933 2442 1109 2524 simplicem
1135 2447 1252 2508 nutum
1273 2441 1385 2527 proprll

227 2530 380 2616 Episcopi
402 2526 581 2611 praelatam
604 2528 730 2593 domum
753 2529 960 2595 communiter
985 2529 1159 2596 viventium
1181 2528 1385 2598 Sacerdotuu

226 2636 262 2683 se
282 2618 516 2700 ingressurum,
538 2615 646 2698 ibique
667 2634 760 2682 suum
782 2616 897 2683 stabile
920 2616 1110 2685 domicilium
1133 2618 1314 2686 electurum
1335 2618 1385 2687 sub

225 2723 328 2788 poena
351 2703 563 2786 suspensionis
587 2722 608 2768 a
629 2703 755 2770 divinis.
769 2703 798 2769 si
819 2705 982 2786 promissis
1009 2723 1075 2770 nou
1096 2708 1240 2787 steterit,
1264 2706 1316 2773 vel
1338 2706 1385 2786 do

225 2811 312 2857 mum
327 2791 452 2874 ingredi
467 2788 593 2857 differat
607 2790 693 2858 ultra
712 2796 838 2877 tempus
853 2793 914 2876 ipsi
930 2793 970 2858 ab
987 2792 1155 2860 ordinario
1178 2795 1385 2876 praefinitum

248 2951 253 2977 ,
331 2902 361 2963 4.
385 2895 570 2962 Convictum
593 2896 813 2979 derelinquere
844 2902 940 2980 atque
963 2898 1002 2963 ab
1032 2916 1070 2964 eo
1094 2917 1128 2965 se
1151 2901 1278 2966 omniuo
1302 2918 1386 2984 sepa·

224 3002 297 3050 rare
320 2983 370 3050 fas
392 2984 454 3050 erit
469 2985 702 3065 Sacerdotibus,
725 2984 780 3067 qui
802 2985 844 3050 ad
864 3004 983 3051 annum
998 2986 1295 3069 quinquagesimum
1317 3007 1386 3055 suae

224 3073 340 3138 aetatis
363 3073 575 3154 pervenerint,
598 3079 634 3138 ut
656 3071 740 3138 infra
762 3074 938 3154 notabitur,
962 3075 1038 3155 quin
1060 3078 1230 3141 teneantur
1253 3075 1388 3159 aliquam

225 3177 352 3232 oausam
375 3159 488 3226 afferre
512 3178 570 3242 pro
600 3179 657 3226 suo
680 3178 816 3226 recessu.
862 3161 994 3227 Veniam
1016 3166 1124 3228 tamen
1146 3161 1331 3231 discedendi
1351 3163 1387 3228 ab

225 3248 393 3314 Ordinario
416 3253 533 3330 petent,
559 3267 653 3331 quam
676 3249 709 3312 in
731 3247 836 3329 aliquo
868 3267 945 3315 casu
974 3268 1057 3329 raro,
1094 3254 1127 3315 et
1150 3251 1190 3315 ob
1213 3252 1387 3332 peculiares

224 3353 336 3401 causas
360 3336 456 3401 alicui
478 3335 634 3419 denegare
658 3336 785 3417 poterit.

331 3444 361 3506 5.
397 3441 446 3504 Ab
468 3439 529 3505 hac
552 3441 644 3506 domo
669 3439 829 3505 definitive
859 3440 1022 3506 discedent
1044 3441 1235 3508 Sacerdotes
1259 3445 1316 3525 qui
1337 3463 1388 3527 pa·

223 3526 363 3594 rochiale
384 3526 569 3594 beneficium
596 3533 776 3605 assument;
807 3529 883 3592 item
912 3547 983 3594 cum
1010 3531 1102 3595 venia
1125 3528 1287 3596 Ordiuarii
1310 3549 1388 3597 uuus

223 3618 279 3680 aut
300 3615 408 3698 plnres
432 3633 509 3697 quos
533 3615 665 3697 parochi
687 3615 728 3680 ad
750 3614 865 3680 munus
888 3617 1013 3699 Vicarii,
1042 3635 1099 3703 seu
1123 3617 1321 3700 coadjutoris
1343 3621 1389 3685 sui

223 3721 261 3767 ac
284 3721 392 3768 secum
415 3704 610 3768 conniventis
642 3708 820 3781 assument3
851 3705 927 3769 item
954 3705 1008 3785 qui
1035 3704 1077 3769 ad
1099 3723 1213 3770 munus
1246 3708 1390 3790 magistri

222 3795 279 3855 aut
302 3791 447 3870 rectoris,
478 3796 534 3854 aut
564 3791 728 3856 oeconomi
759 3791 792 3856 in
814 3789 1011 3871 Semiramis,
1044 3791 1096 3858 vel
1118 3793 1268 3876 collegiis
1298 3813 1389 3862 voca·

221 3877 362 3956 buntur;
392 3897 451 3943 nec
474 3896 538 3943 non
567 3878 621 3943 alii
651 3879 705 3960 qui
736 3879 864 3960 aliquod
887 3879 1143 3947 Ecclesiasticum
1170 3881 1222 3946 vel
1245 3883 1389 3964 publicae

221 3966 373 4030 utilitatis
407 3963 545 4031 officium
574 3971 716 4044 sument,
752 3966 879 4048 exigens
914 3967 1074 4033 habituale
1109 3968 1275 4034 servitium
1304 3970 1390 4053 quod

220 4055 383 4205 lclumdnito
412 4054 570 4119 communi
600 4054 835 4135 praedictorum
864 4055 1070 4121 Sacerdotum
1100 4056 1259 4122 conciliari
1299 4057 1391 4125 facile

243 4159 284 4205 au
331 4143 440 4222 possit.

330 4234 358 4294 6.
384 4227 606 4293 Sacerdotibus
636 4230 691 4309 qni
722 4247 819 4294 causa
849 4231 1039 4296 valetudinis
1071 4231 1174 4296 minus
1204 4231 1315 4299 firmae
1339 4233 1389 4299 vel

222 4315 427 4381 assistentiae
448 4315 633 4396 parentibus
655 4317 876 4401 praestandae,
907 4318 957 4385 rel
980 4320 1020 4386 ob
1042 4318 1076 4385 id
1097 4336 1198 4402 genus
1221 4320 1311 4402 alias,
1332 4320 1389 4387 do·
