2872 4874
605 113 645 160 nr
667 112 848 163 usmetum.
901 182 905 191 Ι
1252 101 1316 162 223

147 259 184 320 et
204 253 374 322 ministerii
396 254 497 320 nostri
512 251 732 335 coadjutores,
755 254 810 334 qui
831 253 937 336 pneris
952 253 1073 319 alendis
1097 258 1130 319 et
1149 253 1317 334 juvenibus

142 342 322 409 educandis
344 359 415 408 sese
437 342 625 423 impendunt
644 359 684 407 ae
706 342 870 412 damnant.
1019 389 1023 394 .

258 429 338 494 Inde
362 426 399 495 fit
422 434 473 509 ut,
503 427 660 494 afinibus
682 428 845 494 Austriaei
873 427 1003 509 Imperii
1025 446 1124 510 usque
1148 429 1189 494 ad
1211 429 1316 510 Indos,

151 518 194 583 ab
220 516 460 599 digeriensibus
483 517 547 581 oris
569 517 735 596 usquead
759 516 947 599 Abyssiniae
969 532 1129 596 recessus,
1160 517 1318 582 innumeri

145 605 281 685 iuvenes
302 610 337 670 et
358 603 524 686 perplures
551 603 686 686 puellae,
710 606 776 670 sive
799 603 980 669 monialium
1003 622 1088 683 cura,
1120 605 1186 670 sive
1210 623 1316 670 saeer-

152 693 261 758 dotum
284 696 318 758 et
331 691 468 758 fratrum
490 699 671 757 nostrorum
685 691 878 774 magisterio,
894 709 952 772 per
975 691 1116 756 saniores
1132 692 1317 775 disciplinas

153 780 321 861 informati,
337 781 379 845 ad
402 797 515 844 sensus
530 780 696 861 erigantur
711 778 782 845 illos
799 779 914 860 quibus
929 777 1107 844 Ecclesiam
1130 780 1317 845 catholicam

150 871 190 932 et
209 873 352 934 aucam
375 867 552 932 Romanam
575 865 690 932 Sedem
714 867 816 948 magis
839 884 878 932 ac
899 866 1001 949 magis
1027 867 1060 930 in
1083 867 1150 931 dies
1174 866 1316 948 diligent,

156 962 191 1021 et
214 955 385 1020 maximam
415 954 625 1036 profiteantur
654 954 889 1019 venerationem
920 972 998 1036 erga
1020 953 1204 1020 Pontificem
1227 954 1317 1021 Sunn-

159 1061 248 1126 mum,
273 1043 362 1125 cujus
384 1042 583 1125 benignitate
607 1060 645 1108 ac
667 1041 865 1123 providentia
889 1041 1059 1106 orientales
1081 1043 1191 1123 populi
1213 1047 1263 1108 tot
1285 1049 1319 1109 et

160 1138 244 1197 tanta
265 1129 421 1196 beneficia
442 1147 619 1211 suscepere.

256 1218 317 1283 His
347 1224 529 1282 nostrarum
563 1217 751 1283 dioeceseon
782 1222 817 1281 et
847 1216 1030 1280 missionum
1061 1217 1318 1284 benefactoribus

165 1323 210 1373 nos
220 1307 318 1371 animi
329 1323 441 1370 sensus
453 1306 627 1388 gratissimi
639 1304 806 1370 testificari
817 1306 988 1384 cupientes,
1004 1304 1090 1385 piam
1105 1305 1230 1370 illorum
1244 1324 1318 1388 ope

165 1410 220 1459 rtm
231 1394 343 1458 intimo
355 1393 459 1459 cordis
471 1392 609 1474 impulsu
622 1392 878 1458 commendamus
891 1397 958 1455 tum
969 1391 1118 1456 Patribus
1132 1395 1318 1458 venerandis

165 1482 209 1562 oni
228 1484 262 1546 in
284 1481 344 1546 bac
368 1486 573 1547 sacrosancta
602 1480 724 1563 synodo
748 1479 951 1544 oecumenica
978 1479 1103 1558 sedent,
1136 1486 1205 1544 tum
1227 1498 1319 1562 prae

93 1564 96 1571 '
166 1568 260 1634 sertim
283 1569 504 1650 episcopomm
527 1575 560 1633 et
582 1569 680 1633 totius
707 1566 871 1634 Ecclesiae
893 1565 999 1648 Capiti
1022 1566 1151 1631 Summo
1173 1567 1319 1634 Pontifici

82 1672 89 1733 :¹
170 1654 210 1723 bo
229 1656 292 1722 ΡΡ.
316 1657 382 1735 lx,
399 1656 488 1737 cujus
505 1656 742 1738 pretiosissimis
757 1654 1028 1721 benedictionibus
1043 1654 1121 1719 haec
1137 1655 1318 1721 scholarum

172 1744 355 1809 mentalium
378 1762 475 1826 opera
497 1749 602 1810 ortum
625 1744 734 1808 debuit
757 1749 790 1808 et
811 1743 1050 1807 incrementum.

257 1830 350 1896 Nunc
387 1839 508 1910 autem,
549 1849 620 1896 cum
654 1831 851 1896 vastissimos
885 1830 970 1895 inter
1003 1833 1124 1895 tractus
1159 1831 1318 1912 spirituali

172 1925 261 1985 uestro
284 1919 430 2000 regimini
453 1938 473 1983 a
494 1920 640 2001 Principe
663 1924 826 2000 pastorum
849 1917 1055 1996 concreditos,
1088 1917 1317 1998 Mahumetani,
1350 1954 1355 1961 ·

171 2002 387 2085 Protestantes,
423 2005 624 2072 Schismatici
658 2012 692 2071 et
725 2005 919 2071 Societatum
949 2010 1142 2070 secretarum
1177 2003 1317 2071 fautores

171 2090 232 2158 nibil
253 2111 318 2159 non
340 2094 522 2176 relinquant
536 2095 682 2159 inausum
705 2094 746 2157 ad
758 2093 956 2174 iuventutem
973 2092 1172 2158 alliciendam
1195 2098 1228 2158 et
1246 2109 1317 2174 per·-

167 2181 347 2260 uortendam,
362 2181 455 2247 valde
478 2183 650 2263 optandum
665 2188 715 2247 est
738 2185 773 2246 ut
795 2180 920 2246 scholas
935 2180 1141 2260 omnimodas,
1158 2179 1317 2263 orphano·

170 2269 296 2350 topbia,
332 2268 522 2349 seminaria,
559 2270 685 2351 aliaque
717 2269 897 2349 huiusmodi
923 2269 1070 2333 instituta
1101 2270 1253 2350 majorem
1284 2270 1318 2334 in

82 2416 85 2421 ,
110 2438 113 2443 ¹
168 2368 317 2423 numerum
340 2357 521 2423 instaurare
544 2377 582 2423 ac
604 2363 785 2422 sustentare
808 2358 976 2438 possimus

258 2444 308 2509 Ad
329 2443 413 2509 hune
434 2451 500 2509 tam
524 2445 635 2510 utilem
658 2463 790 2527 scopum
807 2444 1022 2524 obtinendum,
1046 2449 1183 2525 paterna
1197 2444 1318 2510 Summi

168 2521 314 2598 Pontificis
348 2532 567 2598 benevolentia
601 2534 797 2613 Vestraque,
833 2531 1038 2596 Venerabiles
1071 2532 1201 2612 Patres,
1237 2532 1318 2597 banc·

167 2623 294 2766 nostram
316 2636 380 2684 non
397 2621 586 2703 dedignetur
600 2620 750 2685 exaudire
772 2619 1029 2700 postulationem,
1053 2638 1116 2701 qua
1131 2619 1319 2702 suppliciter

165 2714 199 2776 pe
213 2704 299 2784 imus,
323 2712 360 2771 ut

160 2792 1318 2965 0,naui{crotalissaresurianam

977 2930 985 2960 t
1309 2933 1316 2962 l

157 2971 219 3034 luo
238 2970 309 3050 piae
324 2969 448 3051 Operae
464 2969 649 3036 Scholarum
664 2969 876 3034 Orientalium
892 2975 1094 3051 nuncupatae
1116 2974 1150 3034 et
1168 2970 1318 3036 solemnis

155 3043 196 3109 ab
222 3053 361 3122 Ecclesia
383 3059 577 3123 consecratio
601 3064 634 3122 et
656 3075 738 3122 nova
764 3057 995 3122 commendatio
1017 3057 1208 3123 tribuatur.“

258 3143 453 3210 confidimus
469 3147 552 3210 enim
574 3144 644 3210 fore
665 3151 703 3209 ut
718 3144 829 3211 exinde
851 3143 991 3209 fidelium
1007 3145 1208 3226 adaugeatur
1222 3145 1318 3224 zelus,

149 3220 184 3280 tt
213 3233 365 3315 ampliora
386 3234 459 3314 piae
482 3232 607 3315 Operae
630 3233 873 3314 suppeditentur
896 3233 1038 3297 subsidia
1060 3233 1100 3297 ad
1125 3233 1319 3315 colligendos

147 3315 313 3399 larvula,
345 3322 400 3402 qui
422 3340 536 3402 panem
566 3321 651 3385 vitae
673 3328 706 3385 et
727 3319 908 3385 intellectus
931 3321 1142 3401 undequaque
1165 3324 1318 3401 petentes,

139 3402 192 3548 ἒθ
227 3407 326 3472 ullum
361 3409 487 3489 quidem
520 3407 582 3473 huc
616 3426 715 3489 usque
749 3410 897 3472 invenere
931 3409 1116 3488 magistrum
1149 3409 1203 3489 qui
1232 3404 1318 3470 iran-

162 3496 244 3558 eret
266 3496 321 3561 eis
993 3538 999 3545 «

259 3582 460 3665 Quapropter
483 3583 565 3647 hanc
581 3583 845 3663 spectatissimam
861 3585 997 3664 gratiam
1021 3601 1041 3646 a
1056 3583 1161 3659 Vobis,
1179 3582 1319 3647 Venera-

138 3639 235 3732 biles
262 3670 392 3751 Patres,
428 3678 460 3735 et
488 3689 506 3734 a
530 3676 732 3735 sacrosancta
762 3672 975 3736 Oecumenica
1003 3669 1128 3752 Synodo
1159 3668 1320 3734 humiliter

130 3732 372 3839 efflagitamus,
396 3777 518 3824 summo
542 3777 612 3824 cum
635 3759 848 3824 venerationis
871 3756 987 3823 affeetu
1009 3775 1066 3822 nos
1088 3755 1284 3838 profitentes.

252 3895 339 3963 Huic
356 3897 570 3978 postulationi
593 3899 852 3979 subscripserunt
875 3902 915 3961 61
940 3895 1079 3963 Concidit
1101 3895 1229 3964 Putrea

631 4121 841 4143 *Tm
