2872 4874
138 334 211 395 238
657 345 825 394 sennaser

615 535 755 609 CAPUT
778 539 816 604 V.

242 678 433 744 Providcant
455 677 620 763 Episcopi,
653 676 770 759 aliique
792 678 972 762 superiores
998 678 1040 747 ad
1062 696 1140 761 quos
1163 684 1273 764 spectat,

133 770 174 832 ut
197 766 316 832 abusus
347 765 538 846 evellantur,
572 766 600 830 si
630 766 685 851 qud
715 764 748 830 in
777 764 1072 833 sanctimonialium
1101 767 1275 837 monasteriis

135 855 321 936 irrepserint
344 855 428 920 circa
450 870 598 919 accessus
613 853 656 918 ad
680 853 762 918 ostia
784 858 817 918 et
840 853 882 919 ad
898 857 1010 936 crates,
1036 872 1073 920 ac
1097 856 1180 920 circa
1201 854 1275 921 collo

132 944 277 1008 cutiones
301 961 372 1008 cum
388 941 548 1006 extraneis
570 941 721 1023 personis,
744 941 859 1023 quibus
874 941 979 1008 fervor
993 943 1177 1008 earumdem
1199 941 1276 1009 Sanc-

135 1030 350 1095 timonialinm
384 1029 572 1108 remittitur,
607 1028 775 1095 mundanis
798 1028 921 1095 animus
960 1030 1204 1113 cogitationibus
1235 1031 1276 1095 iu·

135 1117 253 1200 buitur,
277 1116 462 1201 disciplinae
480 1121 513 1181 et
527 1117 749 1185 observantiae
767 1116 922 1198 regularis
938 1118 1078 1184 studium
1093 1119 1276 1198 imminuitur,

135 1224 200 1271 non
215 1206 283 1270 sine
298 1203 449 1288 periodo,
473 1208 604 1271 sanctae
618 1204 791 1270 vocationis
806 1205 951 1289 spiritum
966 1205 1143 1274 amittendi
1181 1206 1277 1273 Veron

135 1293 234 1359 adid
260 1294 349 1377 prius
383 1291 614 1359 hortationibus
644 1297 677 1357 et
711 1292 1004 1363 commonitionibus
1034 1293 1224 1379 procedant;
1251 1310 1277 1358 aa

137 1379 251 1446 deinde
273 1380 301 1446 si
323 1397 403 1461 opus
424 1379 529 1460 fuerit,
553 1381 649 1447 etiam
671 1397 843 1461 poenarum
872 1381 1097 1451 coercitionem
1121 1380 1278 1447 adhibeant,

119 1467 229 1538 ,Circa
250 1487 326 1536 vero
350 1467 573 1537 collocutiones
601 1467 834 1551 Religiosorum
863 1487 936 1535 cum
958 1469 1150 1536 monialibus
1173 1488 1211 1539 ea
1229 1486 1279 1534 aar·

134 1563 260 1635 ventur,
296 1574 424 1641 quasa
458 1556 588 1622 summis
617 1552 822 1622 Pontificibus
854 1556 1152 1639 praedecessoribus
1183 1556 1279 1627 matris

135 1644 332 1732 praescripta
353 1643 567 1711 inveniuntur.

613 1835 750 1905 CAPUT
773 1837 827 1903 vl.

243 1978 393 2057 Quamvis
415 1996 475 2044 nec
495 1979 566 2060 ipsa
588 1979 751 2056 Instituta,
784 1979 816 2042 in
840 1978 954 2061 quibas
975 1978 1109 2044 Sorores
1132 1984 1210 2046 vota
1227 1983 1284 2045 tan

136 2069 206 2131 turn
229 2066 382 2148 simplicia
394 2066 556 2147 emittunt,
573 2085 611 2132 cx
629 2066 703 2149 jure
726 2067 882 2130 oomrsnni
897 2065 1066 2132 clausurae
1080 2065 1147 2148 legi
1167 2067 1283 2134 obnoxi

134 2154 215 2234 sint,
251 2154 446 2221 inculcamus
479 2158 587 2219 tannen
617 2153 760 2219 locorum
783 2153 1001 2236 Antistitibus,
1034 2159 1085 2235 ut,
1118 2155 1148 2219 si
1180 2155 1282 2222 stoma

138 2243 286 2307 alumnae
301 2241 390 2306 nulla
403 2239 510 2308 officia
523 2242 682 2307 mrteriorn
697 2248 870 2320 exerceant,
884 2241 1104 2324 Episcopalem
1120 2242 1284 2308 clausuram

135 2331 171 2394 in
193 2330 377 2395 eorumdem
408 2330 631 2394 Institutornm
660 2329 806 2393 domibus
829 2347 906 2394 snas
935 2329 1101 2411 diaecesis,
1139 2328 1288 2414 perpensis

138 2419 291 2500 cujusquo
306 2418 418 2482 domus
433 2417 645 2498 peculiaribus
661 2415 827 2496 ale'unctis
841 2418 1004 2500 imponere
1016 2423 1188 2498 satagant,
1210 2424 1292 2500 amns

139 2511 175 2570 ut
204 2505 313 2570 domos
340 2504 575 2583 Institutorum,
610 2521 742 2584 quorum
771 2506 960 2586 praecipuus
984 2502 1057 2569 finis
1085 2510 1136 2570 est
1169 2506 1294 2590 alicujus

138 2595 261 2658 externi
284 2591 423 2655 muneris
446 2592 639 2670 exercitium,
673 2590 839 2661 clausurae
861 2593 984 2674 pariter
1005 2591 1205 2676 Episcopali,
1235 2611 1296 2659 oon·

135 2677 286 2744 ¹sideratis
310 2680 455 2745 omnibns
470 2679 726 2759 circumstantiis,
750 2697 813 2745 non
835 2680 940 2763 quoad
956 2680 1106 2746 Sororum
1130 2698 1296 2765 egressum,

135 2767 197 2832 sed
219 2767 385 2831 dumtaxat
406 2767 511 2848 quoad
533 2771 756 2833 extranearum
767 2785 978 2853 personarum
1000 2769 1191 2850 ingressam,
1211 2771 1298 2851 prout

137 2855 172 2919 in
194 2855 330 2920 Domino
365 2855 513 2937 expedire
541 2855 768 2938 judicaverint,
800 2855 954 2939 subjicere
972 2860 1102 2923 omont.
1154 2855 1298 2923 Gemma

136 2941 225 3008 lriscc
248 2941 417 3008 Sororibus
438 2944 486 3008 ita
509 2943 685 3023 consulant,
707 2946 744 3006 nt
767 2961 838 3008 cnm
855 2943 1063 3025 egrediantur
1084 2961 1214 3027 semper
1231 2962 1299 3011 ernis

136 3031 226 3096 socia
247 3031 429 3112 procedant,
453 3030 641 3112 debitasque
664 3029 806 3096 cautelas
822 3031 1004 3111 adhibeant,
1027 3048 1069 3096 nc
1089 3032 1202 3097 rnnadi
1222 3031 1299 3118 perl-

134 3117 219 3184 cdlis
243 3137 278 3183 se
298 3126 467 3201 exponant,
492 3138 528 3184 ac
550 3121 583 3184 in
603 3137 640 3184 se
658 3117 823 3183 vcmcitent
844 3117 955 3203 populi
978 3118 1232 3187 admirationem.
1286 3150 1289 3159 ·

246 3205 333 3271 llaec
361 3206 506 3272 volunrus
524 3210 624 3287 atque
651 3207 855 3286 mandamus,
892 3206 1175 3272 consuetudinibus
1204 3208 1298 3275 mian

135 3292 226 3374 longi
243 3295 407 3376 temporis,
424 3294 558 3376 aliisque
573 3294 739 3360 contrariis
750 3295 1002 3376 quibuscumque
1017 3311 1081 3360 non
1096 3295 1297 3362 obstantibus
