2872 4874
145 328 208 389 lts
643 330 812 388 monitum

141 479 244 546 altera
264 485 358 563 parte
386 480 497 546 deesse
524 484 651 561 tempus
678 475 866 562 quandoque
896 487 933 545 ut
955 481 1140 547 obtineatur
1170 482 1297 547 couvali·

142 569 228 634 datio
251 573 326 635 ante
347 567 543 633 Matrimonii
574 566 832 646 celebrationem
864 586 945 648 quae
967 568 1075 635 forsan
1102 566 1224 635 differri
1245 588 1297 637 non

140 657 266 738 poterit,
290 656 366 738 quia
386 675 417 724 ι.
441 673 471 737 g.
494 672 564 719 mos
579 659 628 719 est
650 655 683 718 in
704 655 772 720 loco
794 661 832 719 ιιι
853 656 965 727 eodem
987 657 1038 722 die
1059 661 1093 721 et
1107 675 1217 722 coram
1237 657 1297 740 lege

143 743 226 809 civili
248 748 281 808 et
304 763 411 809 coram
434 741 580 807 Ecclesia
602 742 800 822 contrahant,
824 761 861 808 ac
883 745 989 808 omnia
1011 751 1126 826 parata
1149 749 1234 811 sunt.

248 837 278 896 3.
302 831 393 910 Quia,
416 831 444 918 si
473 847 645 910 numquam
673 834 763 894 extra
785 829 1021 897 somessionem
1051 831 1092 897 de
1115 833 1238 897 incestu
1258 834 1294 897 in·

143 923 386 1001 terrogarentur
407 917 641 999 nupturientes,
671 917 779 998 plnres
802 937 840 983 ea
863 919 902 983 de
924 938 960 984 re
982 937 1045 984 nou
1069 920 1246 1001 cogitarent
1265 938 1297 985 eo

141 1025 258 1089 nempe
281 1025 377 1071 sensu
399 1011 436 1070 ut
459 1006 498 1070 de
519 1005 676 1069 industria
702 1024 766 1071 non
789 1007 1024 1071 committerent
1045 1006 1106 1072 hoc
1128 1008 1243 1072 crimen
1262 1009 1297 1072 sd

141 1092 269 1160 facilins
293 1093 494 1159 obtinendam
526 1091 809 1174 dispensationem,
845 1093 899 1158 alii
925 1093 1005 1159 falso
1035 1113 1099 1159 non
1130 1095 1297 1178 allegarent

142 1182 289 1263 copulam
312 1182 507 1246 commissam
529 1179 637 1259 inisse,
661 1185 697 1243 ιιι
719 1179 755 1245 lit
777 1181 976 1263 quandoque.

251 1285 307 1352 ΠΙ.
341 1285 470 1351 Statuat
493 1283 669 1350 Concilium
696 1285 821 1350 litteras
852 1285 1099 1366 dispensationis
1127 1285 1201 1350 aS.
1223 1285 1293 1350 Sede

139 1373 304 1455 expeditas
334 1374 367 1437 in
400 1378 565 1455 posterum
606 1390 669 1437 non
705 1373 839 1455 amplius
869 1371 935 1438 iore
966 1373 1137 1454 invalidas,
1173 1374 1237 1438 sive
1258 1374 1290 1438 oh

139 1462 300 1525 reticitnm
330 1462 485 1526 incestum
513 1462 546 1525 in
574 1461 738 1542 precibus,
770 1465 827 1524 aut
849 1466 1012 1542 patratum
1035 1480 1093 1526 seu
1120 1461 1289 1526 reiteratum

95 1568 99 1583 ⁴
141 1553 215 1629 post
236 1550 347 1614 missas
369 1567 480 1630 preces
510 1555 544 1613 et
567 1553 641 1613 ante
674 1548 918 1630 dispensationis
940 1549 1171 1627 executionem
1203 1566 1287 1630 neque

64 1643 67 1651 ’
141 1637 182 1700 ob
206 1654 348 1702 errorem
371 1638 504 1701 nominis
520 1636 675 1701 dioecesis
698 1636 748 1700 vel
779 1636 916 1700 nominis
938 1641 995 1700 ant
1017 1638 1210 1718 cognominis
1231 1654 1287 1702 con·

140 1723 350 1804 trahentium,
375 1724 543 1789 dummodo
566 1727 692 1788 constet
714 1724 753 1788 de
768 1742 975 1804 personarum
997 1724 1183 1802 identitate;
1205 1741 1287 1805 neque

141 1811 180 1877 ob
205 1812 438 1894 expressionem
460 1811 745 1892 consanguinitatis
763 1808 833 1876 loco
858 1809 1022 1876 affinitatis
1045 1831 1102 1877 seu
1117 1813 1186 1877 vice
1203 1828 1286 1887 versa

139 1899 308 1977 dummodo
338 1901 456 1982 gradus
489 1905 637 1963 accurate
667 1899 877 1980 exprimatur,
909 1906 965 1963 aut
995 1899 1108 1972 saltem
1136 1899 1285 1964 dummodo

139 2005 232 2052 verus
263 1988 379 2069 gradus
409 2005 472 2052 non
503 1988 545 2050 sit
567 1987 770 2067 propinquior
793 2005 890 2066 quam
922 1989 976 2068 qui
998 2005 1168 2069 expressus
1190 1987 1246 2052 fuit
1262 1986 1286 2050 iu

142 2075 296 2157 supplica.

247 2163 351 2227 Prima
380 2161 473 2243 hujus
496 2161 655 2227 Postulati
685 2179 761 2241 pars
785 2166 834 2225 est
856 2179 1052 2242 consequens
1075 2161 1279 2242 praecedentis.

137 2249 268 2315 Utilitas
291 2250 485 2330 reliquorum
508 2267 588 2329 quae
618 2249 696 2313 inibi
718 2255 871 2329 petuntur
894 2250 935 2313 ad
962 2249 1104 2330 pericula
1128 2251 1280 2315 animatust

138 2338 315 2402 avertenda
337 2339 415 2401 satis
438 2343 536 2417 patet.

243 2441 297 2506 IV.
332 2441 482 2505 Declaret
505 2439 679 2504 Concilium
702 2440 824 2505 validas
847 2441 880 2505 in
904 2446 1065 2523 posterum
1088 2441 1158 2508 fore
1180 2443 1283 2507 litteras

139 2529 382 2610 dispensationis
399 2547 418 2592 a
433 2527 464 2594 S.
487 2527 569 2592 Sede
585 2527 760 2608 expeditas,
784 2529 858 2592 licet
873 2536 1003 2611 agentes
1026 2529 1076 2593 vel
1099 2541 1286 2595 amanuenses

136 2617 261 2681 romani
283 2617 390 2680 causis
409 2616 442 2679 in
463 2615 571 2680 libello
587 2614 722 2699 supplici
745 2615 890 2696 allegatis
913 2616 993 2680 alias
1009 2617 1131 2682 addant
1154 2622 1210 2682 ant
1230 2613 1286 2681 suh

136 2705 279 2782 stitunnt,
303 2703 353 2767 vel
377 2721 543 2768 cansarum
567 2704 819 2768 circumstantias
843 2723 900 2768 sno
917 2705 1008 2768 modo
1030 2704 1125 2769 aliter
1146 2703 1286 2786 exponant

138 2810 233 2872 quam
257 2796 456 2872 exponuntur
477 2791 511 2854 in
532 2791 639 2856 libello
661 2790 693 2856 S.
718 2790 793 2855 Sedi
816 2792 932 2856 oblato.
1095 2793 1096 2796 ’

242 2896 280 2961 V.
316 2894 446 2961 Statuat
462 2894 638 2961 Concilium
662 2897 767 2960 omnia
782 2896 898 2960 Brevia
920 2896 971 2960 vel
986 2897 1142 2980 rescripta
1165 2897 1197 2964 S.
1214 2892 1286 2962 Sedis

136 3002 204 3048 rem
228 2983 494 3050 Matrimonialem
517 2985 702 3065 spectantia,
735 3002 869 3064 quorum
893 2985 1034 3048 executio
1067 2988 1231 3050 commissa
1251 2981 1288 3046 est

136 3070 295 3154 Episcopo
319 3073 427 3154 ejusve
456 3072 584 3137 Vicario
614 3072 758 3154 generali
789 3077 845 3137 aut
868 3071 1006 3149 officiali,
1037 3071 1119 3138 Sede
1141 3082 1288 3154 permor-

135 3165 201 3225 tcm
236 3159 333 3241 hujus
360 3160 511 3241 Episcopi
544 3165 689 3238 vacarrte,
721 3159 888 3225 aVicorio
920 3157 1096 3240 Capitulari
1128 3148 1291 3226 executioni

137 3247 206 3311 dari
228 3265 331 3328 posse.

223 3351 277 3416 VI.
315 3352 444 3417 Statuat
467 3351 640 3417 Concilium
671 3352 796 3416 Vicario
821 3351 1011 3433 Capitulum,
1047 3350 1128 3417 Sede
1152 3351 1294 3417 saara

136 3456 304 3504 concessas
338 3441 460 3505 censeri
491 3457 599 3504 omnes
631 3444 663 3503 et
698 3439 840 3520 singulas
869 3438 1038 3504 facultates
1065 3440 1240 3520 peculiares
1268 3432 1297 3495 tl

135 3527 418 3608 extraordinarias,
452 3528 585 3608 quasin
618 3545 654 3591 re
684 3526 911 3592 Matrimoniali
941 3545 961 3590 a
991 3527 1021 3594 S.
1053 3525 1133 3591 Sede
1164 3529 1224 3593 sibi
1244 3528 1297 3592 im·

134 3619 317 3695 patraverat
329 3616 503 3696 Episcopus
519 3613 695 3692 deiunctuS,
712 3615 879 3679 dummodo
895 3633 958 3678 non
974 3615 1165 3695 expiraverit
1180 3617 1297 3698 tempu

135 3703 176 3766 ad
200 3703 285 3783 quod
308 3721 474 3767 concessae
498 3700 635 3766 inerunt.

241 3806 309 3871 Vll.
344 3805 457 3872 Coram
473 3807 608 3870 Domino
625 3805 800 3885 expendere
817 3805 915 3870 velint
937 3806 1009 3870 Rriri
1025 3806 1139 3872 Patres
1155 3795 1297 3871 Concilii

240 3895 278 3960 A.
301 3895 349 3958 An
374 3913 437 3958 non
471 3898 621 3977 suppetat
644 3894 695 3955 via
718 3911 788 3973 qua,
821 3893 935 3958 saltem
958 3913 1015 3975 pro
1040 3893 1219 3959 ordinariis
1242 3895 1297 3958 ho

134 3982 329 4063 petentibus,
364 3982 511 4062 abrogari
533 3982 651 4059 valeat,
685 3998 766 4060 quae
797 3981 904 4046 vocari
927 3981 1008 4045 solet
1032 3982 1297 4063 dispensationum

134 4075 210 4135 taxa
244 4088 299 4134 sen
335 4069 565 4150 componenda,
601 4069 632 4130 in
663 4067 805 4148 pluribus
839 4069 1020 4150 regionibus
1054 4071 1156 4134 nostri
1181 4074 1297 4134 saecl¹

134 4157 313 4223 hominibus
336 4165 403 4221 tam
426 4157 543 4221 odiosa.
584 4154 618 4218 Si
635 4162 747 4220 autem
769 4156 826 4219 hoc
849 4155 917 4221 fieri
939 4163 1086 4237 nequeat,
1110 4157 1223 4223 saltem
1244 4159 1297 4220 at

134 4245 244 4310 hibere
267 4245 367 4309 velint
383 4244 495 4308 Patres
518 4241 735 4323 mediumque
757 4242 847 4307 lieret
870 4248 906 4306 ut
928 4244 981 4326 qui
1004 4244 1152 4325 pinguem
1174 4242 1297 4308 solvu¹

133 4338 242 4398 toxam
268 4350 330 4396 nou
354 4331 447 4396 citius
470 4331 636 4396 obtineant
658 4329 940 4411 dispensationem,
973 4350 1070 4412 quam
1092 4331 1149 4414 qui
1168 4333 1297 4413 parrae
