2872 4874
720 333 888 381 Possunnsn

635 609 668 692 3.
698 609 965 694 Possumus
1069 594 1072 599 ’

303 768 472 835 conum
494 769 751 834 1111111111
775 768 1085 835 nnrrmmonnu
1109 769 1303 839 ornnem.

326 926 463 992 Centum
486 927 619 1009 triginta
641 944 695 992 sex
719 927 851 993 Concilii
873 927 987 992 Patres
1016 928 1054 992 dc
1077 947 1112 992 re
1136 930 1323 1008 gravissima
1347 932 1391 995 ad

221 1014 462 1080 Sanctissimum
496 1015 662 1079 Dominum
695 1033 806 1095 preces
839 1015 1030 1080 direxerunt.
1087 1017 1157 1082 Jam
1191 1036 1261 1082 cum
1293 1020 1394 1099 juxta

220 1110 363 1168 tenorem
386 1104 564 1167 litterarum
587 1101 842 1184 Apostolicorum
866 1103 905 1167 de
930 1104 981 1167 die
1005 1108 1056 1168 27.
1079 1103 1157 1169 Nov.
1185 1110 1280 1169 1869.
1304 1106 1323 1188 ξ
1348 1107 1388 1171 ΙΙ.

220 1191 452 1272 propositiones
475 1191 684 1256 sacrosancto
707 1189 913 1256 Oecumenico
937 1189 1076 1256 Concilio
1092 1190 1245 1256 Vaticano
1267 1192 1389 1259 facien·

222 1278 279 1343 das
309 1279 460 1358 peculiari
491 1277 745 1360 congregationi,
781 1278 920 1344 aSSriro
949 1279 1019 1342 Diuo
1048 1297 1106 1360 pro
1134 1281 1326 1361 recipiendis
1356 1291 1389 1347 et

220 1366 434 1448 expendendis
458 1366 610 1447 ejusmodi
632 1367 899 1447 propositionibus
923 1367 1104 1448 deputatae,
1129 1367 1271 1433 exhiberi
1294 1387 1392 1451 opor-

219 1459 298 1532 teat,
334 1453 444 1518 honori
467 1453 544 1517 mihi
566 1459 625 1532 est,
661 1455 797 1535 quinque
821 1456 900 1521 istos
924 1454 1048 1518 libellos
1073 1456 1230 1536 supplices
1253 1474 1389 1538 perpen-

220 1541 339 1606 dendos
363 1547 395 1606 et
418 1540 515 1606 SSmo
538 1541 627 1606 Patri
649 1541 786 1622 benigne
818 1543 1083 1608 commendandos
1106 1545 1138 1607 in
1162 1544 1287 1623 adpecto
1311 1547 1391 1609 sub·

219 1635 370 1693 sternere.
740 1659 748 1671 =

326 1733 455 1798 Summa
478 1753 548 1798 cum
572 1734 774 1799 veneratione
798 1740 831 1799 et
854 1731 1057 1800 observantia
1080 1753 1248 1817 persevero

533 1857 684 1922 Emorum
706 1876 744 1922 ac
767 1857 919 1924 Rmorum
942 1855 1075 1922 Petrum
1178 1916 1192 1942 ,

328 1980 446 2043 Romae
471 1980 520 2044 die
545 1989 596 2044 29.
619 1978 764 2044 ianuarii
791 1986 883 2045 1870.

728 2120 930 2185 Humillirnus
954 2120 1176 2187 devotissimus
1200 2140 1224 2187 s.
1250 2141 1279 2186 v.

772 2227 821 2290 Fr.
846 2225 940 2290 Card.
960 2224 1231 2327 *Schwarzenberg

854 2330 999 2412 Archiep.
1023 2331 1157 2413 Pragen.

694 2525 906 2534 *m

637 2696 825 2762 Beatissimo
849 2697 959 2761 Pater!

325 2836 543 2900 Pervenerunt
565 2837 607 2901 ad
629 2857 687 2902 nos
711 2838 837 2904 htterae
859 2840 942 2919 typis
965 2839 1149 2920 impressae,
1173 2838 1287 2919 quibus
1306 2835 1393 2903 Con-

219 2924 281 2987 11111
304 2923 452 2987 Patribus
475 2925 703 2990 subscribenda
726 2925 890 2990 exhibetur
913 2927 1025 3007 petitio
1049 2945 1069 2990 1
1091 2925 1218 3007 Synodo
1242 2944 1393 2992 oecume-

218 3012 288 3077 nica
321 3010 479 3092 flagitans,
514 3018 551 3076 ut
575 3016 697 3078 sancire
727 3013 803 3077 velit
834 3032 1016 3094 supremam
1048 3013 1183 3094 ideoque
1205 3013 1246 3078 ab
1278 3031 1390 3079 errore

217 3100 388 3165 immunem
404 3101 627 3164 auctoritatem
642 3101 776 3165 Romani
786 3100 948 3166 Pontificis
964 3103 998 3166 in
1012 3101 1108 3167 rebus
1124 3100 1199 3165 fidei
1215 3106 1247 3166 et
1262 3119 1392 3167 morum

217 3187 402 3268 Apostolica
429 3191 589 3266 potestate
619 3190 774 3253 universis
805 3188 952 3255 fidelibus
978 3189 1211 3271 praecipientis.
1269 3187 1392 3255 Mirum

218 3280 305 3340 certe
328 3280 377 3340 est
399 3273 473 3339 fidei
492 3275 615 3357 judices
638 3277 774 3357 invitari,
798 3283 922 3342 utente
947 3295 1093 3341 caussam
1109 3278 1228 3342 dictam
1251 3276 1291 3340 de
1315 3295 1391 3341 sen-

218 3364 319 3426 tentia
334 3361 465 3426 ferenda
488 3362 735 3429 declarationem
751 3366 983 3445 subscriptione
999 3383 1057 3428 sua
1071 3365 1225 3428 munitam
1242 3363 1389 3430 ederent.

218 3450 335 3515 Verum
358 3451 390 3513 in
413 3450 471 3513 hoc
494 3457 584 3516 tanto
606 3454 733 3532 negotio
759 3451 804 3517 Te
825 3453 936 3534 ipsum,
975 3451 1179 3518 sanctissime
1202 3451 1308 3530 Pater,
1332 3453 1390 3518 ad-

219 3538 358 3602 eundum
383 3555 453 3602 esso
466 3540 653 3617 censuimus,
678 3541 793 3621 quippe
805 3542 860 3621 qui
875 3559 895 3604 a
909 3540 1045 3604 Domino
1069 3540 1110 3603 ad
1125 3557 1224 3620 agnos
1248 3557 1389 3621 ovesque

218 3625 414 3706 pascendum
429 3628 621 3692 constitutus
644 3628 822 3691 animarum
838 3625 956 3692 Christi
979 3629 1132 3708 sanguine
1147 3627 1389 3708 redemptarum

218 3713 392 3794 piissimam
408 3732 515 3777 curam
532 3714 631 3780 habes
653 3721 687 3779 et
701 3715 914 3796 periculorum
929 3716 1007 3797 ipsis
1022 3715 1251 3781 imminentium
1268 3713 1388 3780 affectu

217 3810 351 3882 paterno
375 3802 543 3868 misereris.
575 3803 732 3867 Abierunt
754 3809 906 3884 tempora,
931 3804 1044 3884 ombus
1068 3802 1158 3867 Sedis
1180 3802 1388 3883 Apostolicae

214 3891 332 3970 juraa
363 3888 524 3953 catholicis
547 3892 581 3954 in
613 3891 742 3954 dubium
774 3891 883 3954 vocari
915 3892 1055 3970 contigit.
1112 3890 1211 3953 Nemo
1236 3895 1304 3968 est„
1331 3891 1386 3971 qui

218 3975 347 4054 nesciat,
373 3977 454 4041 sicut
470 3995 584 4058 corpus
601 3978 720 4058 absque
737 3978 839 4058 capite
863 3977 1007 4042 mutilum
1023 3978 1070 4040 ita
1092 3995 1194 4057 neque
1210 3975 1384 4042 Concilium

218 4063 394 4128 Ecclesiam
429 4069 528 4128 totam
569 4071 813 4146 repraesentans
846 4065 965 4146 absque
998 4065 1187 4129 Successore
1228 4063 1259 4129 S.
1296 4064 1384 4129 Petri

218 4152 327 4217 haberi
350 4169 453 4231 posse,
489 4170 658 4233 omnesque
681 4151 817 4216 Sanctae
845 4153 936 4217 Sedis
967 4153 1132 4235 mandatis.
1149 4153 1385 4233 promptissimo

219 4240 370 4304 obediunt
392 4241 505 4304 animo.
544 4239 716 4304 Praeterea
739 4258 818 4320 quae
842 4242 880 4304 de
904 4240 1067 4305 Pontificis
1089 4238 1223 4305 Romani
1246 4239 1384 4304 auctori-

217 4333 284 4392 tate
307 4324 452 4391 fidelibus
475 4327 613 4392 tenenda
635 4329 708 4407 sint,
733 4327 908 4393 Concilium
930 4328 1149 4411 Tridentinum
1173 4327 1278 4408 edixit,
1314 4327 1384 4392 Flo·
