2872 4874
233 350 299 412 214
734 351 904 413 eoeneum

233 503 400 583 translata,
431 504 570 569 omnium
600 507 749 568 teruntur
779 503 938 583 manibus,
975 522 1046 570 cum
1074 504 1195 586 ingenti
1223 504 1376 587 legentium
1417 525 1426 567 ι

234 590 457 659 emolumento.
511 590 612 656 Nemo
641 594 746 673 potest
778 590 836 656 has
862 592 995 674 paginas
1029 591 1177 658 evolvere
1204 592 1281 674 quiu
1306 597 1375 658 totus
1417 614 1419 617 ’

233 679 346 746 ardeat
368 679 427 745 Dei
450 683 484 744 et
505 676 708 761 perfectionis
732 697 858 760 amore;
883 681 1016 761 quisque
1035 679 1121 746 enim
1142 680 1176 746 ιι
1190 679 1254 747 illis
1276 681 1375 762 reperit

233 772 309 849 apta
341 785 398 833 suo
428 766 527 832 statui
559 767 680 831 monita
709 770 742 831 et
769 767 974 847 documenta,
1009 768 1076 832 sive
1109 767 1237 835 saeculo
1269 767 1376 834 deditur
1416 786 1426 846 ι

120 880 124 887 ·
231 855 286 921 ille
307 855 358 937 sit,
382 855 456 933 siue
470 854 625 934 claustro,
657 854 725 918 sive
748 854 886 933 coelebs,
910 855 977 920 sive
999 856 1204 938 conjugatus,
1233 873 1290 921 eeu
1310 857 1375 938 prin·
1419 856 1420 863 ’

232 961 316 1026 ceps,
339 960 397 1008 seu
419 941 570 1023 privatus.
617 941 771 1008 Omnibus
794 943 878 1007 enim
901 943 1007 1007 omnia
1029 941 1131 1009 iactus
1154 942 1301 1009 omnibus
1320 961 1375 1025 pro-

232 1029 302 1111 nnn,
326 1029 466 1095 omnium
488 1029 584 1095 saluti
607 1029 830 1114 consuluit.“¹)

338 1116 473 1182 Silemus
496 1116 536 1183 de
559 1116 707 1199 operibus
731 1117 811 1196 aliis,
835 1121 872 1181 ut
894 1124 968 1182 suut
989 1135 1088 1183 aurea
1110 1117 1195 1184 illius
1210 1117 1329 1183 Manita
1345 1117 1374 1184 ad

232 1205 387 1287 parochos
410 1209 443 1269 et
467 1203 510 1270 ad
532 1203 750 1284 confessarios,
774 1210 810 1270 ut
832 1209 907 1269 sunt
922 1205 1105 1270 innumerae
1127 1207 1220 1287 quasi
1234 1205 1375 1288 Epistulae

232 1297 299 1358 tam
333 1293 477 1359 doctrina
520 1310 615 1374 quam
660 1292 827 1358 dulcedine
871 1291 1035 1358 charitatis
1077 1294 1299 1360 exuberantes.
1344 1291 1375 1357 lt

233 1379 312 1446 illud
335 1380 430 1446 silere
453 1398 515 1444 non
531 1398 698 1460 possumus
721 1380 806 1462 quod
827 1381 861 1444 iu
875 1380 1021 1446 asceticis
1044 1381 1142 1446 etiam
1158 1381 1285 1464 scriptis
1305 1380 1374 1445 unita

233 1467 380 1550 splendet
406 1464 479 1532 fidei
502 1472 536 1532 et
564 1486 687 1533 morum
718 1468 872 1533 doctrina.
916 1467 984 1531 Hic
1004 1469 1196 1550 praecipuus
1225 1476 1276 1534 est
1296 1467 1376 1535 bonor

234 1553 354 1623 Salesio
384 1555 483 1636 quod,
518 1555 593 1619 dum
623 1561 711 1621 totus
740 1573 809 1621 esse
831 1555 959 1620 videtur
989 1555 1022 1619 in
1056 1556 1206 1622 cordibus
1239 1554 1376 1638 spirituli

233 1643 392 1709 suavitate
414 1642 655 1724 perfundenda,
679 1644 721 1709 ad
744 1643 921 1709 doctrinam
943 1649 1049 1708 tamen
1073 1644 1225 1721 attendit,
1256 1650 1291 1709 et
1311 1643 1377 1709 alm
1424 1680 1426 1701 =

233 1732 266 1796 in
289 1748 327 1796 ea
348 1731 478 1813 pietatis
501 1730 625 1796 radices
648 1731 798 1797 demittit.
836 1731 925 1796 Illius
945 1731 1076 1796 verbum
1099 1737 1151 1797 est
1172 1733 1258 1797 vitae
1279 1729 1378 1797 semida

234 1819 350 1897 lumen,
374 1826 407 1884 et
430 1824 479 1884 est
502 1817 596 1883 simul
619 1820 741 1884 apinae
764 1819 862 1885 cibus.
908 1817 979 1896 Qua
1002 1818 1141 1883 mirabili
1164 1834 1378 1901 numquamque

235 1907 313 1973 satis
335 1906 495 1972 nudanda
511 1924 623 1974 norma
637 1914 670 1971 et
689 1906 792 1987 pietas
807 1905 897 1972 firmo
913 1924 1038 1987 semper
1052 1907 1167 1971 nititur
1180 1905 1377 1983 fundamenta

234 2000 267 2060 et
290 1994 442 2074 doctriua,
466 1994 583 2059 nedum
601 1993 717 2059 sterilis
733 1994 879 2059 videatur
901 1998 934 2058 et
957 1994 1056 2075 arida,
1078 1994 1112 2058 ιι
1130 1995 1307 2061 uberrimos
1326 2011 1380 2059 sese

173 2098 176 2112 ·
232 2082 355 2149 fructus
378 2081 521 2164 explicat.
647 2141 648 2144 ,

340 2171 428 2249 Quae
452 2187 525 2234 cum
548 2170 594 2234 ita
617 2170 689 2248 sint,
666 2170 788 2250 tquid
816 2169 930 2234 mirum
952 2168 986 2233 ιι
1008 2168 1058 2234 his
1080 2169 1272 2236 Britanniae
1291 2166 1377 2237 Paulae

234 2260 332 2324 menti
353 2257 458 2323 verbis
491 2259 532 2322 ad
555 2256 769 2322 Alexandrum
791 2256 874 2322 VII?
914 2260 970 2336 „ut
1003 2257 1108 2321 omnia
1142 2257 1306 2339 dicamus,
1329 2252 1377 2321 llei

140 2416 142 2420 ,
234 2347 363 2428 spiritus
386 2345 468 2410 adeo
491 2344 578 2409 clare
600 2345 757 2426 apparet'
748 2364 782 2408 m
800 2346 868 2426 ejus
885 2344 1071 2427 (Francisci)
1095 2343 1194 2425 libris,
1220 2351 1258 2410 ut
1273 2359 1383 2441 sperare

233 2438 343 2516 posset
364 2432 510 2497 eumdem
525 2431 665 2496 favorem
681 2450 719 2497 ac
739 2449 874 2513 magnus
890 2431 1053 2498 Ecclesiae
1067 2432 1197 2513 Doctor,
1222 2434 1279 2515 qui
1300 2428 1384 2498 sandi

233 2520 501 2601 nuncupationem
520 2519 658 2584 obtinuit
680 2538 718 2585 ex
740 2519 925 2584 excellentia
940 2537 1069 2584 suorum
1092 2520 1297 2603 scriptorum,
1318 2533 1383 2602 quac

223 2607 388 2673 miracula
410 2605 538 2671 fuerunt
561 2609 603 2671 ad
619 2607 687 2689 ejus
701 2625 815 2672 nornen
829 2607 1006 2689 immortale
1023 2605 1248 2688 decorandum
1270 2614 1304 2674 et
1317 2609 1387 2673 ιιιιι

236 2713 290 2762 eos
312 2696 366 2777 qui
388 2695 529 2759 invocari
551 2694 670 2761 debent
691 2694 954 2761 imcnbendum.“

341 2781 601 2848 Praeclarissime
621 2782 703 2848 haec
731 2783 875 2864 apprime
904 2786 1080 2848 consonant
1109 2780 1266 2847 Emorum
1291 2779 1388 2848 (lardi-

236 2869 353 2935 nalium
376 2871 458 2936 votis
486 2888 591 2936 coram
614 2870 793 2936 Alexandro
816 2870 887 2937 Vll.
918 2870 1065 2952 prolatis,
1094 2874 1127 2934 et
1148 2870 1238 2935 hisce
1259 2870 1388 2953 ipsuum

235 2955 348 3038 effatis,
370 2976 503 3039 quorum
525 2957 620 3040 plura
641 2957 750 3024 Sancti
778 2957 873 3022 simul
904 2965 937 3023 et
960 2957 1114 3041 Doctorisx
1138 2975 1292 3023 coronam
1314 2956 1390 3022 clare

234 3045 396 3128 postulare
418 3045 574 3111 videntur.

344 3135 453 3212 „Unus
485 3133 627 3215 profecto
662 3132 838 3198 censendus
874 3139 924 3198 est
958 3131 1009 3214 (B.
1045 3131 1251 3214 Franciscus)
1288 3130 1392 3215 quibus

235 3221 354 3286 dictum
376 3221 503 3303 legitur,
527 3222 591 3287 Vos
614 3222 693 3286 estis
717 3220 771 3286 lux
792 3220 966 3303 mundi.“2)

345 3308 453 3387 „Misit
474 3315 637 3391 tamquam
660 3308 777 3373 imbres
800 3307 926 3388 eloquia
948 3307 1124 3389 sapientiae
1146 3307 1291 3392 suae.“³)

188 3466 191 3471 ,
343 3395 488 3474 „Habeat
502 3395 646 3462 Ecclesia
669 3398 817 3461 universa
832 3396 916 3478 quod
938 3397 970 3461 in
993 3395 1029 3463 Β.
1046 3394 1209 3460 Francisci
1226 3392 1391 3460 virtutibus

234 3484 385 3562 imitetur,
408 3483 494 3565 quod
516 3483 668 3549 doceatur
690 3484 723 3549 in
748 3484 935 3566 scripsisse)

344 3571 505 3650 „Tandem
534 3570 633 3635 Sanct
619 3577 670 3635 tus
702 3571 882 3636 declaretur
911 3570 963 3634 ille
996 3589 1052 3650 per
1086 3587 1179 3652 quem
1212 3568 1310 3635 Sanct
1310 3566 1390 3634 itatis

235 3659 475 3760 consequendae
498 3664 549 3722 rat
549 3659 635 3724 ioet
602 3660 752 3724 etardor
775 3660 815 3723 ad
839 3676 947 3724 omnes
970 3658 1106 3741 cujusvis
1130 3657 1246 3722 condit
1224 3658 1319 3722 tronis
1341 3655 1387 3718 ho·

234 3748 336 3811 mines
350 3745 538 3829 penetrarit
562 3752 598 3811 ut
618 3747 742 3828 sapient
743 3748 807 3813 iam
830 3745 896 3826 ejus
913 3755 1064 3811 enarrent
1077 3745 1195 3827 populi,
1218 3750 1251 3808 et
1274 3743 1387 3808 laudem

235 3836 304 3917 ejus
327 3834 474 3899 enunciet
460 3832 660 3899 tEcclesia“
666 3836 704 3917 .⁵)

345 3921 407 4001 „Ut
429 3920 566 3986 fidebam
600 3923 696 3987 corda
715 3923 837 4004 jugiter
868 3919 1079 3985 inflammaret
1106 3919 1223 3984 nedum
1254 3913 1386 4001 exemplo

240 4210 245 4218 .
344 4167 522 4250 1)1ιι1ιιι.ιι
543 4165 661 4220 Gonsist
682 4164 794 4221 Secreto
816 4167 893 4219 1662.
979 4235 985 4247 .

343 4236 687 4373 ²30ard1nahsPallotus.
761 4238 782 4302 ³)
803 4234 1049 4291 Aldrobraudmua

356 4378 366 4429 l

341 4311 354 4414 ἒ
385 4307 540 4430 {lgrdiualis
558 4306 745 4371 Franciottus,
766 4305 872 4361 Causae
890 4304 1010 4363 Relatum

419 4392 470 4432 em.
