2872 4874
519 292 556 335 ιι.
581 291 676 336 uanus
698 290 886 337 noaurucrs.
1223 279 1284 338 lbl

94 490 105 591 3
152 516 282 583 docem
300 538 368 597 pro
395 516 593 597 doprnoticoe
616 514 812 598 definitionis
838 515 1079 595 ⁴lssrouptioaa's
1104 514 1285 597 Corporcoc

94 637 103 660 ι·
248 620 378 687 Beatos
399 622 532 687 Marios
552 621 699 704 Virginis
727 623 761 684 ιιι
784 620 906 686 coelum
921 619 1147 701 possibilitate.

224 778 248 845 Ι.
282 778 495 845 Ριιιιιιιιιιι
522 783 554 843 et
582 784 731 843 constans
754 778 919 858 utriusque
947 776 1106 843 Ecclesiae
1129 779 1285 845 Occiden-

94 896 104 937 te>
152 865 199 933 ldis
217 871 249 932 et
270 864 446 933 Orientalis
468 883 540 930 curn
562 864 704 931 docentis
728 872 796 931 tum
819 864 968 929 discentis
992 871 1041 930 est
1063 883 1175 932 seusus
1199 866 1283 933 circa

94 984 103 1025 ι
153 950 315 1035 corpoream
337 952 498 1035 Deiparae
519 952 787 1035 assumptionem.
833 952 901 1017 Hoc
919 955 1027 1018 autem
1049 950 1175 1035 iactum,
1199 955 1283 1035 quod

94 1084 95 1093 ι
152 1040 240 1109 sufficet
267 1040 407 1107 bominis
440 1059 554 1123 corpus
576 1046 651 1107 ante
682 1049 858 1107 extremam
883 1039 997 1122 judicii
1019 1040 1101 1106 diem
1130 1041 1165 1106 in
1186 1042 1282 1107 coelis

151 1129 224 1208 urat,
255 1147 359 1211 neque
393 1129 555 1207 sensibus,
586 1146 688 1209 nequo
721 1129 860 1193 humana
893 1128 1085 1193 anctoritate
1119 1126 1281 1197 testificari

152 1220 244 1297 potest;
279 1218 423 1299 quamvis
453 1216 537 1282 enim
565 1214 728 1298 Scriptura
751 1216 838 1281 dicat
866 1213 956 1281 Enoc
983 1221 1017 1281 et
1038 1215 1142 1281 liliam
1173 1222 1283 1300 raptos

153 1322 197 1369 csse
216 1305 246 1369 iu
268 1305 403 1383 coelum,
427 1302 539 1391 inferri
559 1323 622 1370 non
651 1308 757 1386 potest
780 1303 822 1368 ad
844 1303 1025 1368 intuitivam
1046 1304 1108 1371 Dei
1131 1303 1281 1371 visionem

152 1392 274 1457 adnbsos
310 1410 392 1458 esse.
442 1390 510 1455 Nisi
544 1393 641 1471 igitur
671 1390 853 1456 firmissima
883 1390 1044 1456 Ecclesiae
1078 1390 1156 1457 fides
1179 1392 1284 1475 quoad

153 1476 314 1562 Corporeum
349 1480 467 1545 Beatae
502 1478 622 1544 llariae
650 1480 787 1555 Virginis
823 1479 1080 1561 Assunrptionem
1112 1479 1173 1544 dici
1207 1480 1284 1545 velit

152 1565 205 1631 loris
224 1568 315 1633 nimis
350 1565 535 1645 credulitas,
570 1566 655 1649 quod
678 1566 727 1631 vel
760 1566 900 1648 cogitare
921 1566 1053 1647 impium
1077 1578 1139 1647 est,
1174 1568 1284 1650 procul

154 1654 219 1721 dubio
239 1674 310 1720 eam
341 1674 363 1720 a
384 1654 566 1719 Traditione
596 1654 900 1737 divino-apostolica,
932 1654 1016 1718 idest
1038 1673 1058 1719 ι
1079 1654 1284 1721 Revelatione

154 1750 226 1807 onum
247 1743 366 1809 habere
396 1739 575 1807 firmissime
607 1743 788 1808 tenendum.
839 1741 931 1819 Quod
962 1740 1135 1824 gloriosum
1158 1744 1284 1825 quidem

154 1826 242 1896 bcinus
269 1830 351 1896 Diuo
385 1828 611 1909 Eu'angclistae
640 1830 767 1910 loanni,
802 1830 856 1911 qui
885 1833 959 1910 post
990 1829 1110 1895 Beatae
1144 1831 1285 1913 Virginis

156 1915 341 1985 dormitionem
365 1917 451 1995 obiit,
475 1918 650 1983 revelatum
673 1935 741 1983 esse
765 1918 877 2001 potuit.

225 2008 361 2089 Insuper
391 2004 549 2086 lleiparae
585 2004 722 2085 Virginis
755 2006 929 2087 anticipata
961 2006 1152 2071 resurrectio
1182 2011 1216 2071 et
1237 2007 1285 2071 in-

160 2096 214 2173 tera
235 2092 424 2176 glorificatio
448 2111 519 2158 cum
543 2093 681 2159 connera'
707 2113 778 2158 curu
801 2093 914 2158 Divina
937 2092 1145 2159 blateruitate
1168 2098 1200 2158 ιι
1222 2092 1285 2159 Im-

154 2181 281 2247 mutata
306 2180 519 2263 Conceptione
549 2182 627 2260 siut,
659 2183 743 2245 inter
765 2180 851 2246 facta
877 2180 1055 2263 dogmatica
1074 2178 1146 2259 J'ure
1169 2182 1283 2246 merito

151 2270 284 2335 recenseri
307 2273 452 2353 possunt.

228 2356 352 2421 Idcirco
383 2355 566 2437 Assumptio
602 2356 761 2437 lleiparae
796 2354 955 2437 Corporea
990 2375 1060 2421 cum
1093 2354 1283 2422 Sanctorum

94 2446 96 2489 Ξ
147 2436 382 2523 Gauoninatione,
413 2443 465 2510 vel
498 2444 585 2509 Petri
614 2444 745 2507 Romam
779 2443 917 2508 acirentu
881 2444 1124 2524 tcomparari
1159 2442 1282 2524 nequit;

144 2530 238 2612 quippe
269 2531 355 2612 quod
385 2532 465 2596 istae
494 2532 647 2595 veritates
678 2530 719 2594 ad
741 2550 896 2595 suuunnm
928 2532 1161 2596 ecclesiasticae
1191 2532 1284 2597 certi-

141 2617 240 2683 tudinis
270 2623 358 2699 sunt,
332 2620 430 2684 ιιι
461 2620 611 2700 quibust
612 2638 704 2684 amen
736 2617 825 2683 dubit
812 2620 873 2682 tari
904 2619 1031 2685 minime
1054 2624 1172 2701 potest,
1208 2619 1284 2700 quin

139 2698 202 2771 tides
222 2704 488 2792 labefactaretur;
511 2706 565 2772 illa
587 2725 661 2771 vero
685 2703 851 2772 definibilis
875 2707 913 2771 de
937 2706 998 2771 fide
1021 2716 1080 2785 est,
1104 2707 1178 2787 quia
1200 2708 1285 2772 inter

138 2788 208 2858 leda
229 2786 422 2879 dogmatica
438 2795 581 2859 sensibus
611 2813 674 2858 non
704 2793 847 2875 subJ'ecta
869 2800 1067 2871 accensetur,
1099 2802 1196 2875 atque
1218 2800 1284 2860 tra·

138 2876 235 2947 ditioni
256 2882 376 2948 divino·
378 2881 570 2983 apostolicae
593 2882 778 2962 consignata
801 2887 860 2947 est.

227 2968 323 3035 Praet
310 2976 400 3035 terea
422 2989 496 3051 mag
497 2971 530 3034 ni
562 2971 711 3034 rnonrenti
741 2973 788 3032 est
774 2969 1007 3033 tariimadvert
993 2974 1060 3034 tere
1088 2970 1179 3049 juxta
1144 2970 1284 3055 tordi-

135 3058 244 3121 nariam
266 3059 327 3125 Dei
350 3058 562 3123 oeconomiam
580 3058 700 3122 animas
720 3055 787 3137 just
789 3075 887 3135 orum,
903 3056 1017 3139 quibus
1040 3055 1128 3121 nulla
1147 3059 1286 3157 supersit

134 3151 324 3247 peccatorum
360 3163 461 3229 poena
492 3144 623 3225 luenda,
654 3144 738 3210 illico
768 3150 1008 3225 postmortem
1040 3145 1083 3208 ad
1105 3145 1209 3210 intuit'
1201 3164 1282 3211 ruam

134 3228 186 3295 llei
207 3233 357 3299 visionem
388 3232 526 3298 admitti:
562 3238 612 3297 ast
641 3232 773 3297 nonita
804 3250 872 3296 esse
902 3232 942 3297 de
971 3232 1168 3313 corporibus,
1202 3250 1283 3313 quae

134 3320 279 3384 butum
271 3340 304 3385 ιι
327 3319 495 3386 novissimo
508 3319 619 3401 judicii
643 3319 692 3384 die
709 3320 904 3403 evigilabunt
919 3326 1061 3401 resumpt
1062 3338 1142 3401 oque
1170 3320 1285 3401 spiritu

134 3404 229 3473 divino
249 3408 346 3473 intuit
332 3414 369 3473 tu
388 3406 534 3473 fruentur
495 3428 543 3473 ur.

228 3496 267 3561 Π.
301 3495 411 3576 Neque
427 3494 564 3576 locuplet
552 3494 675 3559 tissima
697 3494 751 3560 SS.
777 3494 907 3558 Petrum
924 3495 1140 3561 testimonias
1161 3498 1286 3559 remota

135 3584 228 3647 aetate
257 3583 299 3648 ad
323 3583 542 3649 duodecimum
574 3600 674 3665 usque
697 3583 856 3647 saeculum
890 3583 1120 3661 desiderantur
1152 3583 1207 3662 qui
1236 3582 1284 3644 uti

135 3669 222 3763 testes
244 3670 369 3735 divinae
399 3669 528 3736 revelat
506 3670 601 3735 bonis
629 3669 712 3735 hano
744 3673 809 3735 veri
811 3675 912 3734 tatem
940 3674 1156 3754 propugnant,
1181 3674 1285 3769 atque

136 3751 167 3815 in
185 3758 338 3823 nonnullis
367 3757 461 3823 aanor
448 3762 554 3822 tarum
577 3752 683 3839 Script
685 3776 814 3822 uiarum
843 3757 979 3822 oraculis
1013 3759 1105 3823 etiam
1128 3756 1283 3820 insinuari

137 3844 297 3911 autumant.
342 3846 415 3913 Ant
408 3846 564 3928 iquiorum
588 3865 661 3911 vero
685 3844 817 3909 Patrum
839 3845 942 3909 silent
919 3851 1008 3926 trum,
1029 3845 1112 3926 qnod
1134 3843 1176 3908 ad
1198 3861 1284 3908 sum-

138 3943 210 3994 murn
231 3939 280 4000 est
311 3938 535 4015 argumentum
558 3938 654 4014 negat
655 3933 753 4013 ivam,
781 3939 895 4013 apost
897 3932 1035 3998 ariorum
1059 3939 1131 3996 ιιι
1132 3935 1199 3995 turn
1222 3930 1284 3997 Ρι-

139 4014 224 4083 tribus
245 4019 372 4086 abunde
395 4028 626 4101 compensatur.

155 4178 158 4183 ,
227 4106 283 4179 Ill.
317 4107 422 4175 Nect
408 4107 628 4208 theologorum
652 4104 805 4189 suffragia
826 4126 846 4172 a
868 4106 1052 4172 duodecimo
1076 4106 1118 4171 ad
1140 4110 1212 4171 nost
1213 4126 1283 4170 rum

139 4204 223 4273 usque
242 4215 357 4263 aevum
387 4196 511 4275 desunt,
542 4196 596 4275 (ιιι
619 4214 675 4277 pro
699 4195 781 4309 virili
804 4214 862 4260 sua
893 4201 983 4277 parte
1007 4193 1089 4258 hanc
1115 4194 1283 4259 veritatem

139 4290 331 4367 impugnant.
