2872 4874
139 329 202 388 140
631 340 798 387 1111111111

228 480 384 546 Nonnulla
407 499 445 543 ex
472 479 521 543 his
553 479 661 559 petitis
691 479 829 559 jamuel
859 498 879 543 a
901 478 1028 543 Summo
1052 478 1309 545 Pontificeicon-

139 588 230 635 cessa
245 569 340 648 fuere,
357 568 407 631 vel
422 569 453 630 in
470 567 590 631 recenti
602 565 775 645 Schemate,
792 567 883 631 nobis
900 567 1080 646 distributo,
1098 568 1309 650 reperiuntur

138 659 308 738 proposita.
354 653 404 718 Ea
427 661 534 719 tamen
563 656 594 716 in
624 661 732 719 nostro
762 655 868 719 libello
900 655 1100 735 reliquimus,
1136 657 1213 734 quia
1237 657 1307 738 jam

137 753 213 810 tunc
234 744 288 809 ille
311 741 472 807 confectus
499 747 583 821 erat3
616 747 648 805 11
670 742 750 807 haec
782 748 943 807 caeterum
973 743 1107 808 duorum
1131 743 1182 808 vel
1206 745 1305 808 trium

138 832 370 913 postulatorum
393 829 595 911 superfluitas
618 830 683 895 Vos
706 832 834 895 minime
856 849 991 910 gravare
1013 836 1129 911 potest.

243 938 306 1021 Spe
330 937 404 1001 freti
426 936 510 1017 quod
533 936 638 1015 aliqua
660 936 783 1000 utilitas
807 955 845 999 ex
868 936 918 999 his
948 938 1065 1001 nostris
1096 937 1305 1018 petitionibus

137 1033 168 1091 et
191 1027 274 1091 votis
291 1027 428 1090 Sanctae
442 1024 602 1089 Ecclesiae
618 1024 758 1101 accedet,
782 1030 905 1088 nosmet
924 1023 1120 1105 profitemur,
1143 1025 1303 1090 Reveren-

137 1115 266 1179 dissime
288 1113 422 1177 Praeses

325 1253 522 1318 Eminentiae
544 1253 695 1330 Vestrae,
719 1252 794 1315 item
820 1257 852 1314 et
876 1252 1112 1317 venerabilium

438 1430 445 1441 Ι
529 1340 660 1403 Patrum
684 1341 909 1418 deputatorum

452 1517 752 1598 Obsequcutissa'mos
780 1523 872 1597 atquc
904 1515 1143 1581 addictissimus
1162 1518 1304 1598 famulos

665 1605 753 1668 1111
778 1602 905 1668 Christo
925 1604 1057 1684 fratrea.

226 1761 311 1828 Haic
328 1728 541 1843 postulationi
571 1762 831 1840 subscripserant
852 1766 891 1824 11
918 1761 1055 1826 01111111
1077 1762 1207 1827 Patres.

290 2184 342 2249 De
364 2183 558 2248 Seruiaariis
582 2183 768 2247 clericorum
790 2183 904 2262 abique
928 2182 1142 2248 111111111111.

241 2325 453 2388 Instituuntur
476 2325 507 2386 in
532 2324 675 2387 omnibus
705 2323 899 2387 dioecesibus
922 2325 1047 2406 majora
1070 2322 1258 2404 Seminane,
1280 2343 1297 2388 1

135 2412 309 2477 minoribus
331 2428 462 2491 prorsus
486 2410 650 2489 distincta,
680 2411 850 2491 inquibus
881 2430 989 2476 omnes
1020 2411 1191 2476 ordinandi
1215 2419 1296 2477 tene·

136 2506 231 2565 antur
253 2499 397 2563 habitare
421 2503 452 2562 11
485 2500 691 2562 communiter
721 2499 843 2576 vivere,
870 2518 930 2579 per
962 2506 1113 2580 quatuor,
1149 2505 1207 2564 aut
1237 2505 1295 2564 tres

135 2588 246 2652 saltem
279 2604 394 2663 11111,
430 2585 607 2665 studiisque
638 2584 859 2650 ecclesiasticis
889 2592 922 2651 et
957 2587 1113 2652 exercitiis
1151 2589 1296 2668 spiritua-

137 2674 236 2752 111111,
257 2673 331 2738 ‘sub
354 2679 465 2738 sancto
496 2672 620 2755 piorum
652 2679 684 2737 11
714 2673 878 2738 doctorum
910 2676 1110 2740 sacerdotum
1134 2676 1295 2757 regimine,

135 2780 265 2844 operam
289 2761 375 2826 dare.

240 2848 274 2913 Si
296 2867 376 2931 quae
398 2866 474 2913 vero
498 2849 656 2914 dioeceses
680 2867 742 2912 non
765 2855 895 2930 possent
918 2850 1026 2914 statim
1048 2851 1213 2930 proprium
1240 2850 1296 2916 sibi

135 2936 339 3001 seminarium
362 2937 565 3016 constituere,
590 2937 756 3001 ordinandi
779 2937 889 3002 harum
903 2937 1091 3003 dioeceseon
1107 2937 1299 3003 collocentur

132 3024 260 3089 interim
289 3026 322 3089 in
355 3025 488 3089 aliorum
518 3023 747 3105 Episcoporum
777 3025 967 3103 seminariis,
1003 3032 1039 3090 ut
1069 3026 1115 3089 sic
1151 3026 1298 3107 deinceps

134 3130 226 3177 nemo
250 3112 291 3177 ad
313 3114 525 3177 sacerdotium
552 3117 788 3193 promoveatur,
824 3114 899 3195 quin
933 3118 966 3179 et
993 3114 1048 3177 111
1079 3114 1205 3193 riteque
1228 3132 1298 3195 pra

69 3266 74 3271 ,
135 3200 240 3279 butue,
262 3207 294 3265 et
317 3201 510 3281 competenti
532 3201 870 3280 111111111111111111,
894 3207 927 3265 11
950 3201 991 3264 11
1013 3201 1158 3278 virtutes,
1182 3220 1297 3282 mores,

133 3288 357 3369 ingeniumque
380 3293 485 3352 status
509 3287 661 3352 clericalis
681 3307 739 3369 per
755 3295 897 3352 sanctam
913 3287 1108 3370 disciplinam
1126 3296 1159 3353 et
1175 3307 1300 3371 compe·

132 3380 254 3440 tentem
276 3376 506 3441 institutionem
528 3374 624 3439 fuerit
646 3373 836 3451 efformatus.

238 3480 283 3546 Ut
307 3485 413 3544 autem
429 3478 624 3545 Clericorum
648 3481 791 3547 educatio
815 3482 848 3545 iu
875 3482 1060 3561 seminariis,
1084 3488 1153 3546 tum
1168 3484 1300 3566 majori-

134 3566 193 3632 bus
216 3573 284 3632 tum
307 3568 489 3647 minoribus,
514 3568 683 3650 perfectior
706 3574 744 3632 11·
761 3570 940 3634 accuratior
961 3587 1031 3634 esse
1053 3576 1178 3652 posset,
1202 3572 1300 3637 valde

133 3655 210 3721 utile
234 3656 395 3721 videretur
418 3656 570 3738 speciales
595 3657 717 3739 aliquas
751 3656 876 3721 scholas
903 3657 1027 3721 institui
1059 3659 1091 3721 iu
1122 3658 1236 3738 quibus
1266 3665 1301 3726 et

134 3761 187 3808 ars
215 3743 361 3821 docendi,
400 3750 433 3809 11
461 3763 513 3810 111
544 3743 638 3809 altior
667 3751 700 3808 et
730 3743 883 3810 difficilior
912 3745 1046 3810 virtutes
1069 3745 1237 3811 clericales
1265 3749 1300 3812 in

131 3829 298 3911 juvenibus
321 3830 505 3897 efformandi
529 3832 756 3916 addisceretur,

166 4015 217 4081 Dc
233 4016 448 4099 promovendo
470 4017 506 4080 11
528 4015 722 4082 Semiramide
744 4037 913 4080 sacrorum
936 4017 1121 4100 linqueretur
1143 4014 1263 4083 stadio,

238 4147 451 4213 Revelationis
474 4148 599 4212 divinae
623 4148 792 4213 adversarii
806 4149 885 4214 nihil
898 4151 1090 4215 intentatum
1111 4150 1297 4232 relinquunt

132 4240 169 4299 ut
190 4253 353 4301 sacrorum
374 4235 529 4301 librorum
552 4237 775 4301 auctoritatem
797 4237 986 4316 convellant,
1011 4242 1042 4301 et
1065 4237 1106 4302 ad
1123 4238 1208 4304 bunc
1223 4256 1296 4320 pes·

132 4322 245 4389 simum
268 4322 363 4387 finem
392 4324 637 4405 assequendum,
661 4323 778 4389 multas
802 4326 998 4408 objectiones
1021 4326 1207 4406 depromere
1224 4345 1294 4393 ma·
