2872 4874
221 322 264 380 44
493 331 624 386 ,sonans
647 329 889 378 cousrrrorioms
912 328 1104 376 ooanarronn

320 471 446 548 ¹Quodsi
469 469 613 534 Ecclesia
634 474 742 533 monet
765 485 802 532 ac
821 469 913 550 jubet
933 468 1077 533 subditos
1100 468 1273 534 secundum
1297 486 1390 532 man-

224 561 334 624 dat-um
366 559 517 622 divinitus
547 562 709 637 acceptum
740 556 868 621 obedire
896 557 1033 638 regibus
1067 575 1131 620 non
1162 557 1267 620 minus
1295 573 1393 638 reges

223 664 346 728 quoque
370 648 463 710 docet
484 645 666 726 prospicere
695 643 827 724 populis,
863 649 899 706 ut
920 642 1101 724 intelligant
1130 649 1164 708 et
1191 645 1391 724 erudiantur,

223 737 277 816 qui
307 735 452 816 judicant
474 740 603 810 terram,
639 749 702 796 non
726 732 767 808 ad
799 732 980 796 dominandi
1008 732 1223 812 cupiditatem,
1258 732 1318 797 sed
1347 733 1392 796 ad

223 821 359 888 officium
390 820 577 902 providendi
605 820 663 884 sibi
691 820 800 883 datam
830 836 900 883 esse
931 837 950 882 a
973 819 1107 884 Domino
1136 824 1329 900 potestatem
1357 831 1393 883 et

225 912 376 974 virtutem
399 909 438 973 ab
462 907 634 985 Altissimo,
669 914 705 971 ut
732 913 885 987 tanquam
916 907 1050 972 ministri
1080 909 1171 988 regni
1200 909 1268 989 ejus
1302 915 1393 972 recte

225 997 378 1081 judicent,
414 1001 447 1058 et
475 996 653 1060 custodiant
679 995 781 1077 legam
812 995 968 1075 justitiae
1003 995 1149 1074 quoniam
1181 995 1333 1078 pusillum
1357 1001 1396 1063 et,

225 1104 372 1166 magnum
397 1085 465 1164 ipse
487 1081 572 1162 iecit,
598 1090 631 1148 et
653 1082 829 1162 aequaliter
853 1100 928 1145 cura
951 1086 1001 1145 est
1023 1082 1069 1145 illi
1092 1084 1130 1147 de
1153 1083 1341 1164 omnibus.1)

332 1171 476 1236 Ecclesia
498 1172 594 1251 igitur
617 1170 772 1235 catholica
804 1187 915 1250 regum
939 1176 971 1234 et
1004 1171 1202 1251 populorum,
1237 1177 1335 1250 atque
1358 1172 1393 1235 in

224 1261 275 1325 his
300 1259 495 1341 singulorum
512 1260 612 1323 omnis
636 1258 824 1321 conditionis
839 1257 1000 1322 hominum
1023 1258 1176 1341 religione
1192 1259 1300 1322 diuina
1322 1264 1393 1322 tum

221 1351 296 1431 jura
325 1353 435 1412 tuetur
464 1353 532 1410 tum
555 1344 658 1410 officia
685 1347 777 1411 docet
805 1363 843 1409 ac
873 1346 1036 1426 praecipit,
1071 1352 1166 1426 atque
1190 1347 1235 1408 ita
1265 1347 1395 1428 legibus

226 1437 373 1500 humanis
396 1435 516 1499 sanctis
539 1433 777 1498 fundamentum
800 1433 890 1514 ponit
912 1439 944 1496 et
959 1431 1131 1497 fideliorem
1156 1433 1302 1498 conciliat
1318 1433 1396 1498 obe-

228 1524 389 1588 dientiam.
447 1521 551 1599 Quare
580 1540 651 1586 cum
685 1521 763 1586 haec
797 1521 907 1585 civitas
932 1521 990 1584 Dei
1022 1526 1145 1585 tantum
1178 1520 1319 1585 conferat
1350 1523 1393 1586 ad

224 1612 428 1677 securitatem
459 1616 491 1672 et
518 1608 701 1673 felicitatem
736 1609 873 1673 civitatis
903 1615 1058 1686 terrenae,
1093 1609 1144 1672 vel
1168 1628 1206 1673 ex
1234 1607 1295 1674 hoc
1325 1628 1394 1674 uno
1427 1641 1430 1650 1

226 1716 335 1764 omnes
366 1697 553 1779 intelligent,
588 1705 709 1777 quanta
737 1696 892 1777 sapientia
924 1715 960 1759 ac
990 1697 1132 1761 bonitate
1159 1698 1246 1760 Deus
1277 1703 1393 1763 auctor

219 1793 358 1850 naturae
375 1791 408 1850 et
431 1786 556 1866 gratiae
571 1790 666 1866 atque
688 1786 855 1864 utriusque
873 1784 1009 1848 civitatis
1032 1786 1196 1849 ordinator
1211 1789 1392 1865 potestates

126 1937 128 1941 .
224 1873 395 1940 sacerdotii
428 1880 460 1937 et
483 1874 608 1954 imperii
635 1891 699 1935 non
729 1874 871 1936 inimicas
903 1873 960 1936 sed
982 1872 1105 1937 vinculo
1138 1874 1227 1953 pacis
1258 1875 1392 1954 conjun-

225 1961 346 2044 gendas
370 1961 572 2042 disposuerit.
609 1961 696 2035 Haec
719 1966 825 2024 autern
849 1961 1013 2040 utriusque
1037 1961 1174 2023 civitatis
1198 1961 1386 2042 conjunctio,

225 2069 264 2114 ex
287 2067 350 2130 qua
372 2051 404 2113 in
420 2052 522 2130 ipsam
546 2048 669 2112 civilem
686 2049 868 2113 societatem
890 2053 981 2112 tanta
1004 2048 1088 2110 bona
1103 2054 1303 2129 promanant,
1325 2066 1389 2112 non

224 2138 346 2202 liberae
369 2137 530 2201 hominurn
555 2137 674 2217 optioni
696 2136 852 2216 permissa
879 2137 935 2200 scd
959 2136 1020 2199 Dei
1042 2135 1112 2216 lege
1136 2141 1309 2218 praecepta
1331 2143 1387 2200 est.

226 2227 385 2304 Quoniam
419 2225 502 2288 enim
524 2241 587 2288 non
611 2223 712 2287 solum
740 2223 856 2304 singuli
879 2223 1029 2303 privatim
1051 2223 1192 2287 homines
1216 2225 1389 2288 sedetiam

225 2331 334 2378 omnes
365 2314 397 2376 in
425 2314 491 2376 vita
518 2310 644 2392 publica
669 2313 803 2391 ipsaque
834 2312 968 2375 societas
997 2311 1038 2374 ad
1069 2329 1177 2374 veram
1204 2311 1392 2392 religionem

226 2419 300 2482 erga
324 2403 427 2465 Deum
461 2404 610 2463 tenentur
623 2398 856 2478 ⁴religionisque
886 2398 1009 2480 legibus
1032 2397 1281 2480 obstringuntur,
1316 2399 1392 2463 hinc

222 2490 292 2570 ipsa
315 2487 442 2570 publica
465 2485 611 2563 sociatae,
636 2485 724 2565 cujus
748 2488 831 2551 cives
855 2485 948 2549 simul
970 2483 1079 2550 fideles
1103 2486 1175 2566 sint,
1208 2488 1334 2568 magnis
1357 2493 1393 2551 et

225 2575 410 2640 necessariis
439 2572 549 2638 officiis
579 2573 739 2653 obligatur
768 2592 843 2652 erga
873 2574 932 2638 Dei
962 2572 1146 2655 Ecclesiam,
1182 2591 1263 2655 quae
1295 2592 1392 2638 verae

223 2663 384 2744 religionis
401 2662 577 2725 doctrinam
601 2665 634 2724 et
649 2661 736 2742 leges
759 2667 793 2725 et
804 2662 879 2743 Jura
902 2680 939 2724 ex
956 2661 1060 2725 divino
1083 2662 1235 2728 mandato
1251 2662 1394 2727 custodit

223 2769 260 2815 ac
281 2755 399 2814 tuetur.

328 2836 529 2917 Quapropter
560 2854 651 2902 nemo
686 2836 789 2900 dicere
819 2844 1012 2917 praesumat,
1044 2856 1107 2902 non
1130 2854 1224 2918 posse
1252 2837 1391 2900 auctori-

223 2931 382 2990 tetemet
412 2925 485 3004 jnra
507 2923 670 2989 Ecclesiae
700 2943 770 2988 cum
800 2924 974 2989 saecularis
1003 2925 1171 3005 potestatis
1202 2925 1328 3005 juribus
1356 2929 1392 2988 et

224 3014 414 3078 auctoritate
431 3013 616 3090 consistere,
639 3020 735 3092 atque
751 3012 821 3076 ideo
844 3013 885 3076 ad
901 3014 1049 3094 optimam
1066 3014 1225 3076 societatis
1240 3013 1389 3093 publicae

222 3101 378 3165 rationem
400 3101 613 3164 necessariam
637 3117 705 3164 esse
730 3100 832 3164 civilis
853 3100 1043 3181 reipublicae
1066 3101 1105 3164 ab
1129 3098 1283 3187 Ecclesia·
1297 3116 1388 3180 sepa-

223 3189 389 3266 rationem,
413 3188 460 3252 ita
482 3193 519 3251 ut
540 3188 673 3267 imperio
689 3193 822 3268 negetur
841 3189 894 3270 jus
918 3195 950 3252 et
972 3185 1108 3252 officium
1126 3188 1292 3252 coercendi
1315 3206 1389 3251 san-

211 3278 293 3340 citis
317 3275 426 3357 poenis
456 3275 629 3339 violatores
663 3275 839 3340 catholicae
861 3275 1031 3355 religionis,
1066 3276 1127 3340 nisi
1149 3282 1303 3355 quatenus
1327 3293 1390 3356 pax

223 3363 349 3445 publica
371 3362 526 3444 postulet3
549 3361 599 3426 vel
623 3364 748 3427 omnino
773 3363 827 3442 ita,
852 3369 888 3427 ut
903 3363 1040 3427 humana
1062 3364 1197 3427 societas
1214 3363 1389 3427 constitua-

223 3457 276 3515 tur
298 3459 331 3515 et
355 3451 552 3532 gubernetur
573 3449 659 3514 nullo
690 3451 800 3515 habito
823 3451 864 3514 ad
891 3451 1078 3532 religionem
1106 3460 1262 3532 respectu,
1299 3470 1338 3515 ac
1362 3451 1391 3515 si

225 3556 264 3604 ea
286 3556 347 3603 non
373 3540 534 3616 existeret,
563 3537 614 3602 vel
637 3539 749 3602 saltem
774 3538 861 3603 nullo
884 3538 968 3603 iacto
991 3557 1098 3603 veram
1122 3537 1391 3618 inter'ialsasque

221 3627 390 3708 religiones
414 3625 603 3689 discrimine.

329 3713 420 3792 Quod
450 3714 534 3777 inter
563 3714 775 3778 secerdotium
805 3720 838 3778 et
865 3714 1031 3795 imperium
1061 3714 1191 3779 dissidia
1221 3718 1291 3778 orta
1314 3720 1393 3776 sunt

223 3802 310 3867 etin
333 3802 401 3866 dies
425 3801 580 3880 oriuntur,
603 3801 636 3864 id
651 3819 743 3866 nemo
767 3803 886 3867 audeat
901 3821 1046 3868 asserere
1069 3821 1106 3866 ex
1129 3803 1199 3882 ipsa
1221 3800 1326 3864 indole
1351 3821 1392 3865 ac

222 3895 335 3955 natura
368 3888 539 3969 potestatis
575 3889 811 3956 ecclesiasticae
845 3892 1020 3972 provenire.
1092 3889 1158 3953 Pax
1192 3907 1268 3952 vera
1302 3889 1391 3953 inter

222 3981 388 4057 utramque
411 3982 600 4057 potestatem
624 3983 658 4041 et
674 3978 850 4057 concordia,
875 3997 970 4058 qnam
986 3977 1128 4042 Ecclesia
1151 3994 1273 4056 semper
1297 3982 1390 4056 optat

223 4067 258 4128 et
281 4063 391 4128 humili
416 4064 646 4145 supplicatione
669 4065 809 4146 postulat
832 4083 851 4128 a
874 4065 951 4145 Deo,
986 4065 1107 4128 servari
1131 4081 1302 4144 numquam
1332 4083 1389 4144 po-

222 4155 296 4229 test,
332 4152 358 4214 si
380 4151 513 4217 libertas
543 4171 677 4233 sponsae
700 4153 778 4216 lesu
801 4151 918 4217 Christi
947 4153 1136 4234 opprimitur
1168 4158 1200 4216 et
1229 4150 1390 4216 violantur

220 4275 342 4284 -μ---
348 4277 430 4283 -·--—

331 4342 349 4409 1)
369 4342 409 4397 of.
429 4343 491 4411 sap.
511 4344 556 4398 vr.
576 4347 653 4398 4-s.
