2872 4874
513 347 550 390 or
573 346 753 394 orscrrmur.
1161 336 1221 394 175

116 505 160 549 cre
193 504 270 549 suae
306 485 492 566 aptitudinis
527 487 566 549 ad
602 505 715 549 rnunus
751 487 918 568 pastorale.
973 486 1077 550 Curae
1113 494 1222 552 autern

116 573 231 637 toralcs
255 572 460 637 conferuntur
490 576 619 637 attentis
650 575 838 638 testimoniis
871 574 1082 656 parochorum
1112 583 1144 639 et
1168 576 1222 640 de-

116 679 206 724 rorum
230 662 314 725 circa
337 679 450 738 mores,
475 662 634 741 pietatem,
659 662 760 725 zelum
784 670 817 726 et
839 663 1039 742 prudentiam
1064 661 1222 727 Candida-

116 768 170 826 um,
194 767 275 829 quac
299 750 479 813 testimonia
496 749 593 812 etiam
617 769 674 830 per
697 750 805 831 plures
822 767 921 815 annos
944 755 1017 814 sunt
1032 750 1222 832 repetenda3

136 842 169 899 ut
199 836 239 899 sit
275 835 432 900 certitudo
464 837 644 900 omnimoda
677 838 861 902 meritorum
885 838 1104 919 promovendi,
1137 838 1222 920 quod

116 943 163 1004 pre
186 925 284 988 menti
307 923 425 1005 Synodi
448 924 652 989 Tridentinae
676 931 724 989 est
748 944 843 1006 quam
866 926 999 990 maxime
1022 925 1189 992 conforme.

161 1012 347 1076 Postulatur
368 1013 476 1092 itaque
498 1030 537 1075 ne
560 1014 636 1093 quid
659 1013 691 1076 in
714 1014 860 1077 Decretis
876 1019 1037 1078 statuatur
1058 1032 1119 1095 quo
1143 1012 1223 1079 haec

116 1101 161 1163 ‚ris
183 1100 391 1181 impediatur3
414 1100 487 1178 imo,
512 1104 549 1164 ut
571 1099 707 1180 videtur,
734 1100 813 1165 baec
834 1101 1001 1183 disciplina
1024 1119 1085 1166 non
1109 1120 1222 1183 parum

116 1188 220 1251 desset
243 1189 312 1252 aliis
337 1188 541 1252 dioecesibus.

161 1281 190 1338 2.
225 1275 339 1352 Quoad
375 1274 532 1339 Ecclesias
567 1275 779 1348 succursales,
820 1277 1000 1356 postulatur
1033 1282 1069 1339 ut
1103 1277 1222 1342 decisio

116 1381 136 1424 a
156 1382 175 1426 a
197 1362 228 1427 S.
246 1363 287 1426 M.
312 1364 467 1443 Gregorio
483 1363 567 1428 XVl.
594 1363 749 1443 Episcopo
766 1363 943 1444 Leodiensi,
962 1366 1047 1428 circa
1070 1365 1223 1445 parochos

116 1451 311 1529 *urrsolistoa
341 1459 377 1514 ut
399 1456 563 1530 vocantur,
596 1459 801 1515 conservetur
824 1458 856 1516 et
888 1450 1103 1516 confirmetur.
1151 1453 1223 1517 Dis-

116 1537 170 1601 lina
193 1539 281 1614 baec,
306 1539 346 1602 ab
371 1541 461 1601 annis
484 1538 549 1602 fere
575 1543 616 1602 70
639 1539 756 1618 vigens,
780 1537 840 1602 fuit
863 1539 1032 1604 utilissima
1055 1546 1088 1603 et
1111 1542 1222 1605 etiam,-

116 1645 141 1690 rc
162 1634 210 1691 est
225 1628 417 1691 necessaria.
452 1626 549 1689 Bonis
573 1631 605 1690 et
627 1627 687 1707 piis
705 1625 928 1691 Sacerdotibus
944 1631 994 1690 est
1009 1629 1222 1708 periucundm

116 1715 165 1777 icis
189 1714 378 1794 quandoque
414 1713 540 1777 discolis
575 1714 684 1777 odiosa
717 1732 812 1794 quurn
844 1717 946 1796 magis
978 1715 1143 1780 attendere
1176 1721 1223 1780 te·

116 1808 191 1865 intur
220 1821 261 1866 ne
295 1821 404 1866 eorum
445 1803 521 1865 vitia
556 1802 685 1864 tandem
720 1802 889 1882 aliquando
920 1820 978 1883 per
1012 1805 1221 1868 mutationem

116 1889 200 1954 tionis
226 1890 275 1954 vel
300 1890 529 1970 depositionem
553 1890 733 1970 puniantur.

614 2136 667 2198 IV.

419 2275 470 2340 Dc
493 2275 621 2357 Spaodo
645 2275 853 2340 Dioeccsaaa.

162 2414 306 2497 Synodus
331 2415 528 2479 Dioecesana
559 2434 663 2479 annue
686 2415 842 2480 celebrari
873 2420 978 2497 potest
1000 2420 1033 2478 et
1056 2413 1221 2478 utilissime

118 2501 238 2566 ebratur
272 2505 304 2566 iu
333 2501 457 2584 Belgio,
490 2503 565 2566 dum
598 2505 703 2584 apices
728 2504 809 2583 juris
844 2522 906 2567 non
940 2503 1064 2567 ornnino
1100 2503 1222 2566 servari

116 2596 181 2669 rent,
207 2609 264 2654 nec
286 2609 394 2654 omnes
409 2591 547 2655 debeant
562 2592 667 2655 vocari
690 2594 745 2672 qui
767 2610 877 2655 curam
892 2590 1012 2655 habent
1036 2591 1221 2654 animarum.

164 2678 347 2742 Postulatur
378 2678 475 2759 igitur
497 2685 534 2742 ut
557 2679 686 2742 decreto
718 2678 757 2742 de
783 2677 910 2760 Synodo
934 2679 1121 2743 dioecesana
1143 2677 1222 2742 haec

116 2759 229 2830 lantur:
261 2767 299 2829 ln
333 2765 541 2846 dioecesibus,
576 2767 745 2846 inquibus
775 2784 852 2831 usus
874 2765 1009 2830 invaluit
1040 2766 1090 2830 vel
1113 2765 1222 2831 induci

116 2858 163 2917 est
184 2860 221 2917 ut
238 2853 382 2935 Synodus
399 2854 594 2917 Dioecesana
617 2853 787 2933 quotannis
803 2852 981 2917 celebretur
996 2853 1036 2917 ab
1052 2852 1222 2936 Episcopo,

116 2940 177 3003 :atis
201 2939 367 3006 Canonicis
391 2941 543 3022 ecclesiae
575 2939 775 3019 cathedralia,
800 2941 927 3006 decanis
951 2941 1222 3007 christianitatum

118 3030 380 3093 examinatoribus
405 3027 617 3110 synodalibus,
641 3027 718 3092 haee
742 3027 857 3109 agendi
880 3029 962 3093 ratio
986 3034 1138 3095 servetur.

620 3273 656 3337 V.

241 3412 293 3477 De
310 3414 380 3492 piis
404 3414 546 3478 virorum
568 3435 605 3478 uc
626 3414 839 3492 socraticarum
863 3412 1038 3478 [restitutis.

160 3551 294 3616 Praeter
317 3555 509 3617 monasteria
531 3555 641 3618 stricte
664 3554 746 3618 dicta
769 3553 898 3618 suntin
921 3552 1031 3633 Belgio
1062 3553 1152 3632 quasi
1174 3554 1222 3616 in-

116 3658 207 3704 nerae
229 3642 301 3720 piae
323 3645 391 3704 turn
415 3642 553 3705 uirorum
572 3646 640 3705 tum
662 3638 852 3704 feminarum
874 3639 1011 3705 familiae
1027 3658 1108 3720 quae
1131 3640 1221 3704 bonis

117 3728 202 3793 ribus
227 3734 433 3809 occupantur,
457 3728 619 3793 videlicet:
643 3727 832 3793 educatione
856 3733 888 3792 et
910 3728 1118 3792 instructione
1141 3746 1218 3808 pue-

116 3834 147 3880 re
170 3822 202 3879 et
227 3816 468 3894 adolescentiae,
499 3833 574 3880 cura
597 3818 716 3895 senum,
747 3834 920 3893 coecorum,
952 3815 1127 3892 surdorum,
1152 3834 1222 3878 nru-

116 3921 168 3982 un,
193 3904 426 3981 insanientium,
456 3903 687 3984 languidorum,
719 3903 928 3969 morientium.
959 3902 1053 3966 ¹Hae
1084 3901 1221 3966 familiae

118 4008 214 4072 scopo
238 3997 397 4055 annuente
422 3995 455 4053 et
478 3988 606 4055 favente
627 3997 732 4070 natac,
756 3991 824 4071 ejus
840 3989 978 4056 consiliis
1001 3997 1035 4053 et
1057 3989 1221 4070 vigilantia

116 4097 135 4143 ‚s
158 4078 288 4144 habent.
337 4079 513 4160 Episcopus
536 4078 619 4143 enim
642 4096 718 4158 prae
741 4078 886 4143 omnibus
910 4076 980 4141 aliis
1002 4077 1091 4140 novit
1113 4095 1221 4140 earum

116 4167 264 4230 essitates
299 4174 331 4230 et
355 4165 511 4246 pericula,
546 4165 647 4246 iisque
674 4166 826 4230 auxilium
860 4165 921 4228 lert
953 4169 1165 4247 opportunum
1189 4170 1221 4229 et

116 4253 227 4333 egium.
263 4252 356 4317 Tales
380 4253 490 4318 domus
515 4252 640 4318 deditae
663 4253 813 4335 operibus
836 4251 895 4317 zeli
910 4258 943 4315 et
966 4251 1132 4317 charitatis
1148 4256 1222 4316 sunt

116 4345 209 4407 eatae
240 4340 290 4404 vel
321 4346 481 4406 trecentae
515 4341 548 4404 in
586 4358 783 4422 quacumque
822 4339 967 4404 Dioecesi
990 4337 1107 4420 Belgii,
1131 4357 1221 4421 pros-
