2872 4874
138 343 203 410 158
642 353 808 400 rosnonxrx

187 565 463 645 ‚Dispensationes
486 564 519 626 iu
545 583 680 627 romono
703 564 795 628 ennio
811 563 999 644 promptius
1023 563 1248 644 expediendae.

245 721 507 803 Dispensationes
537 720 729 785 matrimonii
754 739 773 786 a
797 720 937 787 romanis
968 719 1183 786 tribunalibus
1211 740 1293 804 quan

129 810 315 890 *promptius
342 809 566 891 expediantur,
598 809 643 872 ita
675 814 711 873 ιιι
734 807 823 873 nulla
845 808 901 887 sit,
937 807 1062 874 secluso*
1083 806 1293 882 difficultatum

139 897 323 978 specialium
346 915 430 976 casu,
455 914 545 977 quae,
569 901 643 978 post
666 903 811 977 receptas
833 914 953 976 preces,
985 895 1071 962 ultra
1093 903 1292 978 quatuorve

139 986 277 1067 quinque
300 984 367 1049 dies
390 983 605 1067 protrahatur.
651 983 765 1048 Nullus
792 1002 867 1049 vero
896 985 1095 1049 vacationum
1120 990 1293 1066 praetextu

139 1092 207 1138 rem
230 1082 297 1137 tarn
319 1076 485 1154 urgentem
514 1073 747 1153 procrastinare
775 1071 886 1152 iaciat,
918 1090 955 1136 eo
978 1074 1095 1153 magis,
1127 1078 1166 1137 ιιι
1198 1091 1293 1141 omne·

136 1166 267 1240 norunt,
292 1159 376 1240 quod
392 1160 632 1240 municipiorum
649 1155 868 1239 officialitates,
885 1159 1071 1240 recipiendis
1086 1161 1293 1226 matrimonii

136 1248 290 1312 eioililms
310 1248 520 1329 praepositae,
545 1265 705 1328 nunquam
727 1252 851 1312 vacent.

170 1492 221 1558 De
240 1459 336 1573 feriis
357 1489 415 1556 SS.
441 1489 729 1576 Conprepotioonm
752 1495 783 1556 et
806 1490 1034 1556 Tribunoiinm
1056 1490 1282 1557 Romanorum

453 1597 703 1678 supprimendis,
728 1595 776 1662 oei
795 1596 991 1662 minuendis.

245 1735 367 1801 Mederi
391 1736 539 1818 dignetur
566 1736 598 1802 S.
625 1734 772 1801 Pontifex
801 1736 904 1801 nimiis
934 1734 997 1801 illis
1038 1735 1245 1804 dilationibus
1275 1759 1293 1805 a

139 1824 481 1908 procrastinationibus
511 1843 590 1907 quas
620 1824 757 1906 patitur,
789 1825 822 1889 iu
844 1823 987 1888 Romana
1010 1824 1113 1904 curia,
1148 1827 1293 1908 expeditio

135 1912 339 1994 negotiorum
363 1917 397 1976 at
419 1913 605 1994 gratiarnm,
636 1913 770 1977 maxime
801 1929 876 1977 vero
901 1911 1174 1994 dispensationum
1197 1916 1293 1980 matri·

139 1999 329 2078 monialium,
354 1999 438 2064 unde
454 2001 594 2080 quotidie
608 1999 796 2082 gravissima
812 2005 845 2064 et
859 1999 1080 2081 irreparabilia
1096 2001 1182 2067 mala
1205 2020 1293 2068 emer·

139 2093 225 2170 gunt.
273 2089 393 2166 Quibus
416 2087 508 2152 malis
531 2089 558 2151 si
581 2087 768 2153 occurrendi
790 2086 934 2153 voluntas
958 2089 1007 2168 sit,
1024 2089 1152 2153 omnino
1175 2107 1293 2156 necesse

132 2176 264 2240 xuidetur
286 2174 358 2241 illas
381 2175 540 2257 longiores
563 2180 596 2239 et
618 2175 703 2240 ultra
733 2175 861 2240 modum
893 2175 1119 2256 multiplicatas
1144 2176 1199 2244 SS.
1224 2176 1293 2243 Gon·

16 2326 18 2332 .
138 2265 358 2344 gregationum
382 2281 418 2327 ac
443 2261 660 2327 Tribunalium
691 2262 983 2329 ecclesiasticorum
1005 2263 1103 2329 Urbis
1133 2263 1240 2346 ferias,
1263 2283 1293 2332 ex

137 2357 229 2432 parte
253 2351 415 2432 supprimi,
439 2368 477 2414 ac
498 2350 583 2414 intra
605 2351 807 2415 brevissimos
839 2352 991 2416 terminos
1023 2353 1201 2434 coarctari3
1232 2371 1294 2419 cau·

133 2439 275 2506 tionibus
299 2437 502 2502 nihilominus
525 2437 683 2516 adhibitis,
707 2448 758 2519 ut,
786 2440 819 2502 in
841 2440 979 2520 ipsomet
1000 2440 1202 2505 vacationum
1225 2447 1293 2507 tem·

133 2543 223 2617 pore,
249 2526 396 2606 urgentia
418 2525 547 2606 negotia
570 2543 696 2607 semper
718 2526 933 2608 expediantur.

134 2768 192 2845 ,De
214 2769 430 2850 reformandis
452 2770 534 2853 sopio
564 2776 594 2834 et
622 2772 743 2855 ripolis
771 2773 815 2836 od
837 2772 999 2853 rescriptor
1028 2771 1293 2854 dispensationmr

494 2875 695 2940 matrimonii
718 2876 943 2957 spectantibus.
1035 2912 1037 2915 ·

245 3030 424 3111 Nemotest,
440 3031 514 3114 yli
529 3038 562 3097 e
585 3032 767 3113 regularum
782 3034 824 3099 ad
839 3035 1089 3115 dispensationes
1111 3034 1293 3100 matrimoni

126 3137 309 3200 ,earumque
343 3120 499 3200 rescripta
531 3121 703 3201 pertinent
691 3141 758 3185 rum
798 3129 855 3186 tan
857 3123 956 3204 tisper
986 3140 1117 3222 gnarus,
1153 3123 1210 3204 qni
1243 3139 1293 3188 nor

139 3208 281 3283 miretur,
304 3210 338 3271 et
358 3206 564 3275 vehementer
586 3209 708 3288 doleat,
680 3209 928 3282 tvaliditatem
953 3211 1001 3362 rtei
1023 3210 1163 3275 omnium
1186 3209 1293 3292 gravis

139 3297 255 3372 simae,
279 3294 372 3395 quale
414 3299 464 3360 est
498 3297 745 3377 matrimonium,
781 3298 974 3450 subjicitot
1009 3299 1112 3364 causis
1135 3297 1293 3363 nullitatis

139 3387 207 3448 tam
230 3380 319 3459 mult
296 3386 337 3446 trs
361 3381 510 3448 clausulis
532 3384 658 3450 irritant
658 3386 795 3466 ibus,u
797 3385 875 3465 t,si
898 3385 1050 3450 attentius
1081 3384 1187 3450 omnia
1209 3387 1293 3450 intro

133 3470 345 3552 spicerentur,
369 3471 605 3552 agnoscendum
620 3477 707 3538 certe
728 3477 761 3539 et
775 3471 937 3538 latendum
960 3479 1046 3538 esset
1069 3491 1131 3538 non
1148 3473 1293 3543 modicas

138 3564 260 3640 partem
277 3557 549 3623 matrimoniorum
565 3577 645 3640 quae
669 3579 740 3625 enm
757 3559 1044 3641 dispensationibus
1061 3578 1120 3625 con
1120 3559 1293 3631 trahuntur

133 3645 226 3711 <nulla
248 3649 282 3709 et
302 3645 394 3710 irrita
415 3646 561 3713 eradere
606 3648 713 3729 Porro,
736 3655 835 3729 quant
836 3665 889 3712 urn
912 3647 972 3713 hoo
995 3647 1178 3712 malumt
1135 3648 1187 3727 sit,
1212 3647 1293 3714 hodi<

136 3733 339 3821 praesertim,
363 3733 403 3798 ob
427 3733 520 3800 ciuile
542 3741 609 3800 mot
610 3736 792 3812 timonium,
816 3753 908 3801 nemo
930 3753 993 3801 non
1015 3734 1112 3802 videt

244 3820 473 3888 Examinentur
494 3822 591 3902 igitur
615 3841 676 3888 cau
676 3823 797 3888 tissime
826 3826 934 3888 omnes
963 3822 1037 3888 illae
1068 3822 1219 3904 ambages
1239 3821 1293 3891 ior

139 3907 230 3973 malit
216 3913 317 3973 tatum
342 3915 375 3974 et
389 3907 605 3990 formularum,
630 3912 791 3992 omnisque
811 3910 866 3975 illa
882 3909 1095 3976 clausularum
1108 3910 1293 3976 irritantium

126 3997 313 4078 congeries,
340 4001 375 4060 ιιι
398 3995 558 4077 expellant
559 4016 597 4061 ur
628 4016 647 4062 a
669 4002 735 4063 tam
762 4003 927 4064 sanetaet
949 4004 1017 4063 tam
1039 4002 1236 4063 momentosa
1258 4016 1293 4064 re

139 4083 342 4149 matrimonio
365 4083 496 4165 scilicet,
520 4084 652 4151 subtiles
674 4085 749 4151 illae
772 4092 805 4150 et
830 4086 909 4152 adeo
932 4085 1122 4167 multiplices
1144 4085 1293 4152 nullitatit

126 4188 268 4251 „causata
293 4189 375 4252 quae
398 4189 456 4237 nec
479 4190 585 4238 rernm
607 4178 722 4240 natura
755 4191 864 4239 omnes
894 4174 1075 4256 exiguntur,
1107 4191 1168 4238 neo
1189 4192 1209 4238 a
1231 4191 1293 4255 pru·

139 4257 335 4323 dentioribus
356 4259 433 4340 ipsis
456 4277 581 4343 semper
603 4262 709 4327 caveri
730 4265 873 4343 possunt,
904 4265 939 4326 et
961 4279 1043 4342 quae
1065 4259 1207 4328 infinitas
1227 4278 1293 4333 eun·

129 4343 287 4429 :ferrariis
311 4346 466 4430 parochis,
491 4353 524 4414 et
539 4346 726 4416 officialibus
749 4350 927 4416 summates
951 4354 984 4416 ct
998 4348 1160 4416 molestias
1183 4357 1293 4416 creant
