2872 4874
691 50 735 147 ἱ.

214 331 251 379 ut
710 330 884 379 PRAEFATIO.

217 471 418 553 potissimum
458 487 573 535 causae
612 487 669 534 nos
705 469 900 551 impulerint,
951 477 986 534 nt
1020 471 1160 551 ipsorum
1195 471 1375 538 Postulato-

211 597 291 641 werare
320 575 565 658 publicationem
595 576 834 656 susciperemus
859 577 958 657 primo
982 577 1014 639 in
1039 577 1176 640 animum
1198 578 1375 642 induximus

214 682 314 761 illam,
339 700 420 762 qnae
443 681 526 745 inter
554 680 635 744 haec
657 679 825 745 Postulata
850 688 883 746 et
906 680 1037 746 Consilii
1064 681 1162 763 ipsius
1185 687 1257 747 acta
1279 683 1376 747 inter-

212 787 309 866 cedit,
333 787 497 851 rationem.
532 783 613 848 Nam
637 784 716 849 haec
741 789 789 850 est
805 785 967 866 ejusmodi,
991 794 1035 867 ιιι,
1060 787 1087 850 si
1105 787 1174 867 quis
1198 787 1239 851 ad
1255 793 1375 852 rectam

219 890 347 956 Concilii
370 892 522 956 historiae
553 888 793 969 intelligentiam
816 893 981 972 pervenire
1004 891 1151 971 voluerit,
1183 893 1210 956 is
1232 892 1287 957 illa
1317 893 1376 958 Po-

213 997 336 1061 stulata
359 997 483 1060 omnino
512 1013 642 1060 noscere
666 995 788 1062 debeat.
834 997 892 1075 An,
926 1005 961 1061 ιιι
984 998 1044 1061 hoc
1066 1015 1163 1061 unum
1187 1015 1375 1063 commemo-

211 1120 334 1181 remus,
370 1102 516 1182 quisnam
549 1103 661 1182 nescit,
696 1103 799 1181 ipsam
828 1101 1001 1166 infallibilis
1035 1103 1208 1182 magisterii
1239 1102 1373 1167 Romani

216 1206 377 1272 Pontificis
411 1204 639 1286 definitionem,
671 1225 729 1288 pro
759 1224 823 1285 qua
845 1212 996 1288 tanquam
1027 1208 1255 1289 pretiosissimo
1280 1208 1374 1290 th‘us

211 1311 348 1378 Concilii
377 1311 484 1377 fructu
508 1309 680 1379 Christiani
711 1330 834 1393 omnes,
865 1312 920 1396 qui
941 1312 1001 1377 hoc
1031 1313 1156 1377 nomine
1180 1312 1268 1393 digni
1290 1321 1374 1392 sunt,

215 1418 443 1500 Benignissime
455 1418 589 1481 Domino
605 1419 643 1482 ex
656 1418 760 1482 animo
776 1435 901 1499 semper
915 1419 1036 1500 gratias
1051 1423 1157 1500 agent,
1172 1436 1209 1482 ex
1225 1417 1376 1499 plurimo-

211 1542 285 1587 rum
308 1522 440 1588 Consilii
468 1522 601 1587 Petrum
631 1523 844 1604 postulatione
866 1528 971 1587 ortum
1001 1524 1135 1588 ducere?
1188 1520 1248 1586 Sed
1279 1523 1376 1586 etiam

210 1630 246 1693 in
270 1647 304 1693 se
337 1633 480 1710 spectata
514 1628 593 1693 haec
615 1628 783 1693 Postulata
812 1619 919 1708 magni
941 1629 1036 1709 pretii
1064 1627 1261 1692 aestimanda
1290 1633 1374 1692 sunt.

213 1734 296 1800 Sunt
318 1736 402 1799 enim
425 1735 502 1813 haec
534 1733 663 1799 Consilii
686 1735 871 1799 documento
893 1733 988 1797 etiam
1020 1733 1150 1815 egregia
1179 1730 1274 1812 hujus
1296 1737 1374 1795 tem-

212 1840 299 1921 poris
322 1839 474 1905 historiae
489 1839 716 1904 ecclesiasticae
738 1841 949 1905 monumento.
984 1836 1064 1902 Nam
1087 1844 1233 1903 auctores
1256 1835 1374 1900 habent

209 1944 418 2024 ecclesiarum
446 1945 607 2010 antistites
638 1963 676 2009 ex
698 1949 764 2008 toto
795 1943 871 2008 orbe
891 1926 1061 2008 ¹terrarum
1090 1943 1123 2007 in
1145 1942 1204 2006 hoc
1234 1938 1372 2006 Concilio

212 2033 416 2142 coaduinatos
441 2052 495 2133 qni
517 2050 609 2115 modo
633 2049 759 2130 singuli,
789 2050 882 2114 modo
907 2048 1144 2133 cumpluribus
1169 2047 1239 2112 aliis
1263 2064 1372 2110 earun-

214 2155 287 2221 dem
310 2137 460 2225 ecclesiae
483 2155 714 2236 provinciarum
745 2153 899 2235 episcopis
923 2155 1084 2236 conjuncti
1107 2154 1155 2218 his
1179 2153 1244 2217 suis
1266 2156 1373 2232 postu·

211 2261 288 2327 latis
323 2261 441 2326 diserte
475 2260 655 2338 enuntiant,
689 2257 879 2338 quibusnam
910 2257 1154 2323 necessitatibus
1188 2256 1219 2319 in
1250 2271 1373 2335 quaque

211 2374 372 2430 terrarum
401 2370 494 2450 parte
528 2363 659 2429 ecclesia
690 2368 867 2444 prematur,
901 2381 921 2427 a
952 2362 1140 2447 quibusnam
1175 2365 1374 2445 potissimum

213 2464 453 2536 medicamentis
486 2468 671 2548 vulnerum,
704 2485 786 2551 qnae
816 2466 877 2550 ipsi
902 2464 1022 2532 inflicta
1055 2468 1134 2546 sint,
1168 2470 1291 2534 sanatio
1321 2490 1374 2536 ex-

214 2575 388 2658 spectanda
403 2578 454 2654 sit,
478 2569 667 2656 quibusnam
683 2572 817 2653 denique
832 2570 944 2637 mediis
964 2573 1064 2665 tetius
1080 2571 1232 2643 ecclesiae
1255 2576 1373 2642 bonum

207 2682 451 2761 animarumque
484 2678 569 2744 salus
603 2698 641 2753 ex
673 2678 815 2762 ipsorum
846 2677 1005 2768 sententia
1034 2677 1168 2747 maxime
1196 2683 1374 2761 promoveri

209 2786 324 2869 pessit.
380 2784 468 2864 Quae
504 2784 630 2869 quidem
666 2783 819 2865 ejusmodi
853 2790 940 2866 sunt,
974 2789 1010 2848 ut
1027 2783 1185 2873 'hodierni
1219 2786 1373 2857 ecclesiae

210 2897 318 2958 status
340 2891 430 2957 nobis
452 2891 557 2955 vivam
580 2890 671 2970 qnasi
693 2889 861 2973 imaginem
883 2895 1136 2970 repraesentent.

318 3013 415 3083 Porro
456 3010 623 3079 Postulata
659 3012 739 3085 haec
774 3011 968 3095 generaliter
1005 3018 1144 3094 sumpta,
1183 3032 1370 3095 quamquam

208 3119 346 3201 maiore,
376 3137 474 3201 quam
502 3136 625 3198 eorum,
661 3119 714 3199 qui
745 3136 783 3182 ea
811 3124 1054 3199 preposuerunt,
1087 3117 1277 3206 auctoritate
1308 3137 1371 3180 non
1415 3156 1418 3161 -

211 3231 287 3290 sunt
318 3225 476 3307 praedita,
495 3236 497 3240 ·
516 3224 631 3287 mirum
665 3222 823 3307 quendam
852 3222 1083 3288 ecclesiasticae
1114 3219 1290 3302 doctrinae,
1320 3240 1372 3287 ex·

208 3329 393 3411 parientiae,
417 3329 590 3410 sapientiae
606 3327 790 3397 thesaurum
812 3328 980 3404 continent,
998 3343 1099 3411 quem¹
1112 3327 1160 3407 iis,
1183 3327 1297 3408 quibus
1318 3345 1371 3395 res

207 3432 444 3501 ecclesiasticae
482 3433 569 3505 cordi
607 3441 698 3515 sunt,
736 3434 876 3517 aperire,
915 3431 1041 3498 omnino
1080 3432 1371 3520 operaepretium

207 3540 367 3605 dnxhnns.
1159 3567 1162 3573 ⁴

318 3663 461 3744 Denique
493 3679 595 3742 neque
628 3661 662 3729 id
692 3659 817 3729 silentio
846 3659 1164 3741 praetermittendum
1194 3665 1259 3739 est,
1293 3659 1372 3731 haec

210 3767 386 3849 Postulata,
409 3767 554 3848 ,penitim
578 3766 792 3845 musiderata,
826 3764 951 3848 largam
973 3765 1063 3833 nobis
1091 3764 1256 3829 materiem
1279 3781 1372 3844 prae-

211 3872 287 3939 bere
322 3874 362 3938 ad
390 3872 597 3947 retundenda,
618 3870 683 3936 tela
704 3871 916 3950 inimicorum,
948 3871 1001 3952 qui
1023 3868 1193 3935 teterrimis
1225 3869 1372 3941 conviciis

208 3983 246 4043 et
274 3977 438 4047 calumniis
472 3975 646 4047 Concilium
669 3976 855 4043 Vaticanum
887 3976 1042 4056 impetere
1071 3979 1112 4038 et-
1137 3971 1278 4045 lacerare
1308 3993 1372 4042 non

214 4083 373 4150 desinunt.
424 4082 508 4160 Quid
541 4081 646 4149 enirn?
698 4079 732 4149 Si
766 4081 836 4162 quis
868 4080 948 4146 haec
981 4077 1147 4147 Postulata
1179 4079 1249 4145 sine
1280 4097 1372 4159 prae·

205 4188 352 4269 judicata
374 4187 520 4269 opinione
538 4186 793 4268 perlustraverit,
817 4186 976 4267 quodnam
996 4184 1038 4251 de
1059 4201 1168 4253 eorum
1190 4182 1370 4253 auctoribus

205 4293 363 4375 judicium
392 4291 494 4359 ieret?
548 4290 630 4355 Num
661 4309 732 4356 cnm
766 4291 834 4358 istis
865 4288 1146 4359 calumniatoribus
1173 4287 1370 4369 abjectorum
