2872 4874
126 330 176 395 ,98
638 338 807 386 rosnarum

176 514 179 519 ·
240 481 341 558 Quum
364 480 424 545 hoc
445 478 530 544 laeto
553 479 752 555 instaurata;›'
772 483 811 542 ut
824 478 882 542 ‘ita
902 478 1013 556 dicam,
1043 475 1139 541 luerit
1174 477 1272 541 morai

44 627 47 635 .
133 570 293 635 hominurn
317 568 515 644 conscientia,
540 571 616 631 tunc
640 573 746 632 amota
760 565 936 629 videbimus
958 565 1100 647 pericula
1122 564 1216 630 nobis
1236 565 1272 647 ja

130 660 197 741 jam
218 657 421 734 imminentia,
446 655 529 736 quod
545 653 671 734 quidem
693 672 753 735 per
768 653 961 718 mundanam
983 652 1187 735 prudentiam
1202 653 1272 718 rati

134 762 253 826 nosque
274 745 419 826 politicas
442 742 689 823 haudquaquam
712 759 840 823 speram
863 741 911 805 fas
935 745 993 805 est.

225 885 313 950 Halo
331 882 554 964 postulationi,
578 880 738 973 exhibitae
761 881 813 946 olle
835 885 886 947 10.
912 880 1090 946 Februarii
1113 860 1214 958 1870,

397 988 656 1068 subscripserant
679 991 721 1049 40
747 985 883 1052 Coaolla‘t‘
905 985 1031 1052 Patres.

522 1388 570 1471 11.
611 1385 917 1470 Possumuun

207 1546 505 1633 PATRIARCHAE
529 1544 774 1614 CILIOIENSIS
799 1548 856 1611 An
879 1535 972 1610 REM
995 1546 1238 1612 MILITAREM

604 1650 824 1718 SPECTANS.

918 1759 925 1783 Ι

213 1814 217 1824 ·
241 1793 345 1870 Quum
368 1793 399 1856 in
422 1792 510 1857 hisce
531 1791 775 1857 luctuosissimis
798 1793 1003 1873 temporibus
1030 1792 1113 1857 sieut
1135 1793 1168 1855 in
1193 1792 1272 1859 diem

134 1881 211 1962 Noe,
238 1881 413 1944 diminutae
437 1881 501 1945 sint
523 1880 674 1944 veritates
697 1899 716 1944 a
739 1878 812 1944 fiIiIs
835 1879 1005 1960 hominurn,
1020 1880 1045 1963 1)
1068 1886 1101 1945 et
1124 1880 1218 1945 multi
1236 1881 1272 1962 ja

134 1989 197 2034 uon
220 1987 353 2055 regnum
376 1969 435 2032 Dei
458 1974 491 2032 et
518 1967 676 2047 justitiam
700 1970 769 2051 ejus
783 1968 809 2053 2)
839 1967 897 2032 sed
919 1986 1000 2048 quae
1027 1985 1085 2031 sua
1108 1973 1184 2033 sunt
1208 1986 1272 2050 qua

135 2063 218 2137 rant,
235 2058 261 2140 ³)
285 2057 393 2121 videre
428 2061 532 2120 estet
562 2056 717 2136 imprimis
740 2057 772 2119 in
803 2056 842 2119 iis
866 2073 946 2136 quae
974 2055 1015 2119 ad
1046 2074 1111 2118 rem
1134 2055 1272 2122 militare

135 2150 279 2227 spectant
313 2161 438 2220 ornnem
473 2144 663 2223 aequitatem
701 2144 879 2208 conculcari
921 2150 953 2208 et
992 2144 1097 2208 omnia
1131 2143 1206 2223 jura
1233 2162 1272 2226 pe

135 2234 268 2298 misceri.
308 2233 429 2312 Itaque,
454 2230 529 2294 dum
552 2231 680 2312 quidam
702 2231 764 2296 hae
787 2232 873 2296 insti
894 2250 1001 2295 rerum
1018 2231 1199 2296 eondItione
1222 2251 1272 2299 eor

134 2324 222 2400 moti,
248 2321 390 2384 sednon
416 2319 590 2383 seeundum
613 2320 812 2401 seientiaml)
844 2325 990 2384 sanctam
1011 2318 1197 2398 sentientes,
1223 2338 1272 2385 sor

42 2448 44 2452 -
135 2411 225 2473 nient
246 2412 373 2488 tempus
396 2404 536 2470 futurum
559 2424 620 2487 quo
644 2406 794 2485 homines,
817 2403 893 2472 lieet
915 2407 1018 2471 Deum
1038 2427 1102 2470 non
1125 2410 1268 2472 secuturi

135 2515 197 2562 uon
231 2500 337 2559 tamen
374 2494 510 2575 amplius
544 2493 610 2558 ulia
640 2492 725 2558 bella
747 2495 914 2574 videbunt,
947 2495 1003 2558 elii
1035 2500 1189 2568 econtra
1219 2495 1272 2562 bel

136 2600 363 2665 quaecumque,
393 2581 444 2644 vel
466 2583 572 2662 potius
597 2587 724 2664 strages
757 2587 789 2646 et
811 2581 982 2647 homicidia
1004 2601 1119 2664 magna
1142 2589 1176 2648 et
1200 2583 1272 2649 horr

134 2670 210 2735 bilia
233 2674 384 2751 reputant
407 2669 507 2748 licite3
542 2670 588 2734 ita
611 2676 647 2734 ut
675 2676 707 2734 et
729 2671 861 2736 nocendi
884 2670 1050 2752 cupiditas
1075 2675 1108 2734 et
1130 2671 1271 2737 uleiseen

136 2757 317 2836 erudelitas
348 2756 535 2839 implacatus
555 2763 654 2839 ,atque
680 2758 892 2840 implacabilis
916 2758 1048 2838 animus,
1067 2756 1179 2824 feritas
1204 2759 1272 2825 rebe

135 2845 232 2924 laudi,
256 2844 353 2910 libido
383 2845 573 2924 dominandi,
600 2850 632 2910 et
655 2846 682 2909 si
713 2864 793 2926 quae
816 2845 937 2925 similia,
961 2864 1025 2911 non
1044 2847 1111 2928 jam
1135 2845 1272 2929 culpentr

135 2935 168 2997 in
190 2932 322 3015 be110.⁶)
360 2933 442 2997 Hinc
464 2933 538 2997 illae
561 2934 733 2998 immensae
757 2934 976 2998 multitudines
1000 2939 1032 2998 et
1048 2934 1207 3001 exereitus
1230 2953 1272 3018 pe

136 3027 233 3103 petuo
258 3027 452 3084 armatarum
486 3022 665 3098 nationum,
701 3024 792 3103 quasi
820 3028 974 3104 perpetuo
1004 3023 1088 3087 inter
1115 3042 1149 3088 se
1172 3022 1272 3089 hostii

136 3109 326 3188 parantium.
363 3107 565 3190 compertum
588 3109 687 3191 igitur
702 3111 865 3190 habemus,
891 3114 923 3173 et
946 3126 1000 3174 eos
1025 3113 1078 3191 qui
1093 3111 1179 3176 bella
1191 3109 1272 3191 jube:

32 3241 34 3246 -
137 3200 194 3259 aut
217 3202 344 3276 parant,
368 3200 401 3260 et
424 3214 477 3261 eos
499 3198 614 3277 quibus
637 3197 716 3262 haec
727 3198 889 3280 jubentur,
913 3214 976 3261 non
996 3197 1063 3277 jam
1086 3199 1223 3280 amplius
1248 3198 1272 3263 ir

136 3301 250 3365 perere
273 3288 306 3348 et
337 3283 467 3348 obedire
491 3285 586 3366 juste,
599 3288 623 3362 7)
655 3285 738 3349 sieut
761 3285 918 3367 praecipit
947 3285 1027 3350 ordo·
1047 3287 1213 3366 naturalis
1246 3304 1272 3351 si

137 3370 253 3437 oblitos
292 3389 360 3435 esse
395 3376 452 3436 aut
483 3373 574 3452 parri
597 3373 735 3453 pendere
768 3375 829 3438 hoe
857 3390 963 3453 grave,
1000 3378 1033 3438 et
1061 3375 1188 3455 quidem
1218 3375 1272 3439 ino

135 3457 279 3523 homines
315 3461 535 3540 gravissimum
570 3461 753 3524 mandatum
787 3461 927 3538 Domini,
963 3460 1038 3525 oiim
1071 3481 1130 3544 per
1160 3461 1272 3544 Moyse

137 3564 264 3610 servum
286 3563 378 3611 suum
393 3548 552 3635 dicentis:
587 3547 658 3612 Non
681 3548 851 3626 occides.⁸)
906 3547 999 3613 Haud
1022 3550 1125 3614 minus
1154 3549 1271 3614 oblivio

137 3633 187 3698 vel
210 3633 375 3714 despectui
398 3635 553 3700 dederunt
576 3642 608 3699 et
638 3637 769 3717 antiqua
792 3636 876 3702 dicte
899 3641 1078 3702 sanctorum
1101 3637 1244 3716 Petrum,
1269 3663 1272 3693 1

136 3723 335 3802 praescripta
352 3720 562 3788 Consiliorum
586 3742 605 3786 a
626 3729 739 3790 sancta
762 3723 843 3788 Sede
859 3724 1075 3806 probatorum,
1100 3743 1246 3790 necnon
1269 3748 1272 3782 ι

246 3929 268 4036 2)
287 3894 381 4014 esem
401 3935 442 3989 11.
460 3935 485 3985 a.
561 3932 705 4036 Quaen.
724 3935 750 4000 a,
770 3937 812 3988 es.

191 4139 198 4152 .
246 4002 270 4140 ⁶3
289 4001 413 4154 {lillipli
426 4005 574 4127 lr'oluleritis
597 4002 942 4143 lellimlull'(l50minum)
961 4118 968 4132 .
988 4114 994 4127 .
1014 4115 1021 4129 .
1046 4075 1103 4129 Vos
1122 4089 1206 4130 eausa
1223 4072 1272 4128 erit

138 4154 213 4194 neers
233 4157 351 4196 omnium
370 4141 462 4210 (Num.
482 4146 524 4196 32.
545 4159 571 4201 v.
590 4146 651 4211 la).

244 4210 267 4280 ⁶)
289 4213 368 4268 Deer.
387 4216 413 4267 2.
432 4218 504 4280 part.
524 4212 606 4268 Gaus.
625 4213 727 4267 XXIII.
749 4213 859 4281 Quaest.
880 4220 903 4268 1.
924 4231 984 4272 ean.
1003 4216 1028 4268 4.

247 4284 257 4315 ⁷
285 4281 366 4336 Deer.
384 4286 412 4338 2.
430 4289 499 4350 part.
519 4283 600 4341 (laus.
619 4283 720 4336 XXIII.
740 4290 844 4351 quaest.
871 4289 895 4342 1.
914 4300 974 4342 ean.
992 4287 1017 4339 4.

245 4354 256 4385 ⁸
286 4351 376 4410 Exod.
389 4351 454 4410 XX.
474 4356 517 4408 13.
