2872 4874
519 310 557 358 oe
581 311 677 358 nasus
700 309 889 359 mannam.
1251 302 1291 361 93

148 452 268 516 litatum
315 448 443 515 Flornit
464 448 574 516 schola
603 451 683 516 haec
705 449 920 533 Sangallensis
943 453 1101 517 recentior
1130 471 1228 535 usque
1252 455 1292 519 ad

145 557 240 604 amum
265 541 361 616 1856,
384 555 448 619 quo
471 538 600 604 tandem
622 539 729 618 iniquo
752 544 785 602 et
806 538 943 605 uiolento
966 544 1041 604 actu
1064 557 1235 622 suppresse
1261 549 1294 608 et

145 627 316 691 hamtona
337 642 493 691 conversa
514 625 585 691 fuit.
620 626 702 690 Nam
724 633 866 708 tempore
889 635 997 691 nostro
1013 646 1070 691 nec
1092 627 1293 696 fundationes

144 733 188 780 nec
205 714 285 796 juris
312 713 402 778 titali
437 720 470 779 et
491 714 682 780 documenta
708 721 822 779 contra
850 733 966 779 novum
986 715 1039 796 jus
1066 716 1235 781 violentiae
1258 725 1292 783 et

142 821 250 884 mqnae
271 801 466 884 majoritatis
488 801 622 883 amplius
645 801 761 867 valent.
796 802 832 865 ln
856 801 985 869 consilio
1001 802 1166 869 Cantonali
1181 805 1292 885 nrajori

142 890 304 955 rotantium
327 907 463 954 numam
492 888 667 972 Collegium
697 889 776 953 illud
806 888 989 956 Catholicae
1017 891 1209 959 fundationis
1233 892 1292 958 fuit

96 1012 98 1021 ·
138 995 342 1061 suppressum,
365 975 530 1043 Catholico
552 978 670 1061 populo
693 977 889 1060 subreptum,
913 979 946 1042 iu
962 977 1138 1061 Collegium
1161 981 1293 1045 mixtum

136 1072 355 1132 commutatum
370 1064 422 1131 rel
444 1070 480 1130 ut
495 1065 612 1132 clarius
627 1066 730 1130 dicam
742 1067 836 1145 parti
851 1066 1106 1131 Proteaiuatium
1128 1069 1291 1133 traditum.

138 1152 198 1220 lion
225 1152 358 1220 defuere
381 1154 570 1219 monitiones
600 1153 747 1234 Episcopi
778 1154 978 1236 universique
1000 1153 1097 1233 Cleri,
1134 1175 1192 1220 nec
1214 1157 1293 1237 peti·

133 1243 227 1307 tiones
250 1239 499 1323 Catholicomm,
527 1259 697 1322 eorumque
721 1240 861 1306 lamenta
889 1242 930 1306 ad
952 1244 1175 1308 auctoritatem
1196 1244 1290 1326 legis·

134 1329 276 1395 laturiam
298 1329 432 1408 directa,
455 1331 622 1411 quominus
651 1330 793 1410 iniquum
815 1328 876 1395 hoc
904 1328 1025 1395 facinus
1048 1332 1292 1412 committerent,

135 1418 270 1484 sednon
298 1417 446 1483 obstante
475 1417 608 1483 solemni
631 1415 863 1482 Catlrolicorum
893 1420 1124 1499 protestatione
1152 1420 1293 1501 iniquum

138 1507 299 1572 decretum
322 1512 471 1588 coeptum
493 1505 554 1571 fuit
575 1514 609 1571 et
625 1506 800 1570 executioni
822 1508 1032 1570 commissum.
1071 1508 1120 1571 Ad
1143 1509 1294 1590 obtegen-

134 1594 204 1658 dum
224 1592 329 1659 mulae
348 1593 590 1659 machinationis
613 1592 705 1657 linem
721 1591 915 1658 fraudulenti
938 1601 1108 1660 novatores
1131 1594 1296 1677 fingebant

135 1687 166 1746 et
194 1683 378 1747 etiamnunc
405 1699 548 1747 asserere
581 1681 696 1760 solent,
733 1682 896 1746 scientiam
927 1683 1057 1765 proprie
1085 1682 1203 1750 dictam
1232 1701 1292 1748 nec

140 1767 326 1835 Catholicam
354 1787 414 1834 nec
436 1770 670 1836 Protestantem
694 1787 774 1847 esse,
807 1768 863 1834 sed
885 1777 1019 1852 utraque
1043 1771 1117 1835 fidei
1139 1771 1197 1835 hac
1221 1790 1294 1853 pro-

138 1855 265 1923 fessione
279 1859 495 1941 superiorem:
519 1856 688 1924 Mathesim
705 1864 736 1922 et
758 1858 936 1939 linguarum
952 1858 1091 1922 studium
1106 1877 1164 1939 pro
1180 1857 1296 1924 Catho-

144 1943 201 2010 licis
223 1950 256 2010 et
277 1944 533 2011 Protestantibus
564 1946 624 2011 sibi
653 1945 787 2011 similem
811 1951 843 2009 et
866 1964 988 2027 parem,
1020 1953 1117 2026 atque
1139 1946 1294 2012 factorum

141 2034 171 2096 in
195 2032 336 2099 Historia
365 2035 579 2100 narrationem
607 2033 733 2115 utrique
765 2034 849 2116 parti
879 2052 948 2098 esse
980 2033 1125 2112 eandem,
1161 2034 1296 2115 ideoque

146 2117 289 2200 sufficere,
313 2127 351 2186 ut
372 2122 504 2186 marcisi
527 2121 695 2203 religionis
718 2121 864 2186 doctrino
881 2121 1041 2203 discipulis
1065 2140 1121 2202 pro
1145 2128 1295 2202 separata

141 2224 238 2274 aarum
268 2209 344 2274 fidei
376 2208 570 2290 professione
600 2211 731 2274 seorsim
766 2215 800 2272 et
833 2209 999 2289 sejunctim
1029 2210 1185 2273 tradatur.
1231 2208 1295 2274 Sed

142 2297 209 2376 qnid
230 2297 270 2362 de
294 2297 449 2379 ejnsmodi
471 2297 724 2364 cavillationibus
747 2297 952 2380 judicandum
975 2296 1068 2363 facile
1091 2298 1294 2379 dignoscitur.

145 2381 248 2450 Onnes
285 2403 422 2467 namque
456 2386 649 2467 experientia
679 2386 784 2450 edocti
808 2404 929 2466 sumus,
964 2404 1088 2451 omnem
1121 2386 1294 2464 scientiam,

143 2488 347 2555 quaecumque
370 2474 422 2552 sit,
456 2474 496 2538 ab
520 2472 698 2538 hominibus
722 2492 855 2538 erronea
886 2474 1029 2539 doctrina
1052 2474 1147 2540 semel
1171 2472 1295 2538 infectis

143 2557 181 2622 ad
197 2561 420 2644 expugnandas
447 2560 522 2626 fidei
550 2560 733 2627 Catholicae
767 2563 919 2626 veritates
949 2563 1090 2644 perverti
1118 2579 1224 2644 posse,
1258 2577 1296 2624 ac

146 2648 311 2729 saepissime
326 2651 360 2713 in
375 2636 574 2714 manifestam
587 2651 739 2731 juvenum
754 2649 980 2730 discipulorum
998 2651 1166 2731 perniciem
1183 2667 1297 2730 reapse

147 2738 278 2814 peremti.
324 2737 476 2803 Novimus
492 2737 575 2816 dein,
599 2744 719 2818 quanta
740 2737 840 2819 pestis
856 2738 1032 2818 spirituahs
1054 2738 1105 2803 vel
1128 2738 1167 2802 ab
1183 2737 1296 2801 Hiato-
1341 2747 1343 2751 ‘

148 2822 205 2889 riae
225 2824 401 2906 discipline
422 2826 456 2889 in
486 2831 606 2890 mentes
629 2824 790 2890 hominum
821 2825 970 2903 dimanet,
994 2826 1049 2890 ubi
1068 2825 1190 2901 fraude,
1215 2825 1296 2903 dolo,

146 2912 294 2979 mendacio
317 2912 652 2996 Historiographorum
680 2912 797 2977 violata
819 2911 923 2977 fuerit.
976 2912 1062 2977 Tunc
1094 2914 1209 2977 etenim
1234 2931 1296 2976 non

149 2997 350 3066 admirabilem
374 3006 552 3082 temporum
574 3001 822 3080 ordinationem,
853 3019 947 3082 quam
970 3000 1077 3063 divina
1100 3000 1298 3082 providentia

149 3083 327 3169 inChristo,
362 3091 451 3170 quasi
473 3091 504 3153 in
536 3087 653 3154 Centro
684 3090 882 3154 saeculorum
913 3088 1083 3168 disposuit,
1121 3089 1299 3153 annuntiabit

149 3171 272 3258 hismria,
297 3177 355 3242 sed
371 3176 533 3242 confusam
548 3177 737 3259 impiamque
759 3195 865 3241 rernm
881 3176 1098 3257 factorumque
1120 3177 1296 3257 congeriem
1423 3207 1431 3217 -

147 3265 255 3339 prendi
278 3265 338 3330 Dei
362 3264 584 3330 moderaminis
608 3283 736 3346 prorsus
759 3270 938 3345 expertem3
960 3281 1023 3327 non
1046 3263 1296 3328 luculentissima

151 3345 295 3418 helesiae
318 3351 500 3418 Catholicae
516 3353 637 3417 lumine
653 3362 685 3417 et
707 3353 829 3430 merita,
853 3352 909 3417 sed
925 3349 1031 3416 fictam
1053 3369 1072 3414 a
1095 3351 1296 3431 nequissimis

146 3443 315 3508 ambabus
355 3442 560 3524 ignominiam
600 3442 667 3522 eJus
709 3447 742 3504 et
777 3441 1039 3506 obtrectationem
1073 3439 1296 3504 manifestabit.

150 3520 287 3595 Catholici
316 3531 451 3612 juvenes
483 3529 638 3613 ejusmodi
667 3528 881 3594 detractiones
914 3535 1025 3593 contra
1055 3527 1239 3608 religionem
1262 3531 1296 3590 et

147 3609 311 3684 hcclmiam
334 3616 524 3683 catholicam
547 3616 702 3699 projectas
732 3616 793 3680 levi
816 3624 921 3681 mente
950 3615 1132 3696 suscipiunt,
1155 3632 1175 3676 a
1197 3615 1296 3693 magi-

145 3704 210 3768 stris
240 3704 434 3772 Acatholicis
469 3707 501 3770 in
535 3723 569 3769 re
603 3705 759 3769 litteraria
793 3706 978 3782 edocentur,
1014 3705 1047 3767 in
1080 3701 1297 3768 communione

149 3793 318 3868 quotidiana
341 3811 413 3858 cum
435 3795 542 3874 pueris
565 3792 755 3857 Acatholicis
780 3797 1015 3870 conversantur,
1040 3810 1144 3856 aerem
1166 3789 1217 3853 uel
1240 3790 1297 3853 irn-

149 3876 252 3955 pietate
285 3882 336 3946 sel
360 3882 521 3946 erroribus
557 3888 740 3962 corruptum
770 3879 891 3961 jugiter
923 3881 1084 3962 respirant
1118 3887 1213 3958 atque
1239 3877 1297 3940 sub

149 3968 279 4034 continuo
294 3969 515 4052 adjunctorum
532 3969 643 4033 horum
667 3966 786 4032 influxu
809 3968 876 4032 fieri
891 3987 1021 4033 necesse
1043 3974 1100 4046 est,
1124 3972 1159 4029 ut
1182 3965 1297 4028 sensim

146 4049 248 4129 infide
273 4055 437 4123 Catholica
459 4062 636 4138 tepescant,
660 4073 782 4120 errores
813 4056 1006 4138 pedetentim
1037 4054 1219 4135 suscipiant,
1250 4053 1298 4116 in-

149 4137 369 4226 differentismo,
393 4145 533 4226 quinimo
568 4143 722 4225 impietati
758 4152 790 4208 et
813 4162 934 4208 morum
967 4145 1063 4207 etiam
1098 4139 1298 4220 corruptelae

146 4233 350 4298 succumbant.
384 4231 450 4296 ‘Et
484 4231 544 4296 hoc
578 4232 791 4296 tristissimum
827 4232 1042 4312 praesagium,
1076 4227 1297 4310 prohdolor!

146 4331 230 4386 serus
261 4338 370 4387 rerum
404 4325 537 4394 eventus
572 4318 718 4383 affirmat.
769 4319 899 4383 Exactis
929 4336 1066 4398 namque
1096 4318 1130 4382 in
1156 4313 1298 4398 Collegio
