2872 4874
507 319 545 364 nn
570 319 665 365 nanus
691 318 879 366 pornarrcm.
1236 308 1275 366 al

145 459 199 522 tatis
218 456 266 522 vel
279 454 535 523 indifferentismi
550 475 671 522 veneno
694 457 844 534 inliciant,
860 457 975 538 ubique
998 458 1137 523 locorum
1160 460 1280 539 passim

144 547 282 626 engmtur
314 552 348 609 et
379 546 568 611 catervatim
598 564 617 609 a
648 545 802 610 catholica
829 547 996 626 juventute
1023 543 1278 626 frequentantur.

144 633 253 713 Expedit
272 633 374 714 igitur
395 641 434 698 ιιι
454 633 573 698 malurn
602 634 779 698 describam
802 640 898 714 atque
921 633 1028 714 aliqua
1049 635 1190 698 remedia
1213 654 1278 698 rue-

143 721 212 785 lendi
232 721 403 802 assignem.
450 723 497 785 De
520 721 640 785 scholia
661 723 774 785 mincis
796 721 910 802 loquor
931 723 964 785 in
988 722 1175 786 Alemonicc
1199 723 1278 787 Hel-

88 862 89 869 ,
143 810 241 874 rabac
255 815 357 888 purte
378 810 501 873 creon.

223 902 251 959 1.
286 895 336 961 De
356 894 481 961 Scholia
497 897 744 977 parochialibus
767 897 833 961 sive
852 897 1036 976 prinmrr'io.

220 982 323 1047 Erant
356 983 515 1063 quondam
546 991 579 1049 et
613 986 797 1065 plerumque
826 984 929 1050 adhuc
959 985 1035 1048 dum
1066 991 1142 1049 sunt
1164 985 1277 1050 incolis

138 1069 285 1137 Catholicis
308 1073 457 1152 propriae
472 1070 605 1137 Scholae
620 1070 803 1137 Catholicae
827 1090 847 1136 a
869 1070 1039 1137 Catholicis
1054 1070 1277 1137 fundatoribus

137 1159 260 1223 auditae
274 1160 486 1240 congruisque
500 1160 606 1225 lundis
620 1161 765 1240 provisae
789 1166 822 1224 et
845 1178 915 1225 cum
932 1158 1087 1225 Ecclesiis
1103 1160 1278 1224 Parochia-

136 1245 204 1313 llhno
232 1247 345 1311 intimo
374 1265 457 1312 nexu
494 1250 695 1331 conjunctae,
728 1248 775 1311 ita
801 1253 839 1312 ut
871 1248 956 1313 socio
990 1248 1105 1312 auxilio
1136 1248 1279 1313 Ecclesia

136 1334 257 1399 scholam
280 1335 497 1415 parochialem
521 1343 553 1400 et
580 1354 640 1400 sua
662 1337 729 1399 vice
751 1335 861 1400 schola
883 1335 1077 1400 Parochiam
1101 1334 1278 1400 Ecclesiam

134 1419 361 1487 etCatholicam
375 1422 560 1504 religionem
581 1425 613 1487 in
629 1442 753 1504 quaque
775 1425 1002 1488 communitate
1017 1429 1136 1488 sartam
1161 1430 1279 1489 tectam

133 1518 267 1577 servaret.
302 1508 368 1575 Sed
390 1512 422 1573 in
438 1511 602 1592 permultis
624 1514 789 1592 regionum
805 1513 959 1592 partibus,
984 1512 1036 1575 uhi
1059 1510 1278 1577 Protestantes

134 1603 158 1662 et
183 1598 252 1662 falsi
284 1599 419 1664 nominis
443 1597 596 1664 Catholici
625 1599 842 1680 majoritatem
872 1601 1047 1662 notant—inor
1072 1602 1280 1679 constituunt,

88 1682 91 1711 ²
134 1685 205 1765 impii
218 1685 395 1751 Novatores
418 1685 496 1750 illud
519 1687 642 1752 unionis
670 1686 837 1764 vinculum,
861 1705 924 1768 qua
945 1685 1088 1750 Ecclesia
1110 1693 1143 1750 et
1165 1687 1281 1752 Schola

133 1773 307 1852 pamchialis
326 1774 458 1839 invicem
477 1776 607 1856 junctae
622 1782 723 1850 erant,
750 1775 953 1855 dirruperunt
976 1781 1008 1837 et
1023 1773 1146 1839 Scholia
1162 1773 1280 1840 Catho-

136 1860 190 1925 licis
210 1861 389 1944 suppressis
421 1862 570 1941 parvulos
594 1861 774 1927 Catholicos
797 1880 956 1926 unacum
979 1861 1083 1925 fundis
1107 1860 1280 1927 Catholicis

140 1947 371 2014 Protcstnntinrn
392 1949 521 2014 'scholis
555 1951 688 2031 ideoque
725 1951 924 2015 instructioni
962 1949 1106 2030 magistri
1144 1949 1280 2032 alicujus

139 2033 302 2118 Eningliani
337 2042 370 2101 et
403 2036 577 2103 Lutherani
609 2039 658 2103 vel
689 2040 815 2102 omnino
847 2036 1001 2101 increduli
1031 2037 1062 2101 vi
1090 2036 1177 2101 latae
1200 2037 1279 2119 legis

138 2122 362 2207 adscripserunt
416 2124 551 2206 Magum
587 2127 719 2206 proinde
754 2124 846 2190 tietus
878 2132 909 2189 ct
942 2125 1084 2206 ploratus
1111 2133 1279 2205 parentum

139 2217 163 2273 et
180 2214 377 2292 parvulorum
393 2211 637 2293 Catholicorum,
661 2213 716 2277 sed
740 2214 907 2278 incassum.
941 2211 1106 2293 Coguntur
1128 2218 1278 2292 parentes

139 2294 271 2367 Cathohci
300 2319 359 2384 per
392 2300 540 2366 mmctarn
574 2309 608 2366 et
640 2319 774 2383 poenam
809 2301 937 2365 mittere
963 2299 1099 2365 infantes
1132 2318 1206 2365 suos
1236 2300 1278 2365 ad

139 2386 239 2454 abolas
261 2389 476 2467 Anathohcaa
512 2407 592 2470 quas
620 2391 734 2453 nuxtas
764 2388 845 2454 falso
875 2395 1072 2469 nuncupant,
1106 2406 1179 2453 cum
1205 2405 1279 2452 vere

138 2474 186 2539 sint
204 2476 330 2543 scholae
346 2477 597 2543 Protestanticae
612 2477 662 2541 vel
684 2477 801 2541 nullius
816 2475 900 2543 fidei.
933 2478 969 2543 ln
985 2477 1140 2558 ejusmodi
1162 2476 1278 2541 scholis

138 2563 239 2640 parsuli
261 2564 417 2631 Catholici
440 2566 593 2646 magistro
616 2564 809 2646 Zwiugliano
828 2565 1006 2630 instruendi
1029 2566 1277 2642 committuntur,

136 2651 177 2727 uui
195 2653 236 2717 ais
269 2671 387 2730 coram,
423 2652 499 2717 data
520 2654 580 2717 sibi
606 2653 779 2725 occasione,
802 2650 873 2717 fidei
897 2650 1079 2718 Catholicae
1101 2654 1276 2732 veritatem,

137 2737 235 2804 mltum
257 2741 414 2817 divinum,
445 2741 544 2821 leges.
576 2740 828 2818 consuetudines,
859 2757 901 2806 ss.
926 2747 1140 2817 sacramenta,
1173 2759 1278 2804 coere-

137 2829 238 2892 monias
265 2827 449 2905 Catholicae
473 2828 635 2894 Ecclesiae
667 2829 859 2906 obtrectare,
892 2828 1036 2893 deridere
1058 2836 1091 2892 et
1113 2826 1275 2891 diffamare

138 2928 185 2977 uon
203 2917 444 2996 praetermittit,
476 2924 513 2980 ιιι
546 2917 750 2997 parvulorum
779 2922 900 2980 mentes
931 2915 1020 2980 falsis
1049 2915 1200 2980 doctrinis
1232 2918 1280 2979 iu·
1399 2952 1412 2965 ‚

137 2995 220 3080 fidam
252 3013 288 3069 et
309 3005 425 3088 ecquid
455 3005 631 3084 iniquitatis
654 3006 787 3082 semina,
822 3020 903 3084 quae
926 3003 1062 3084 spargit,
1093 3003 1134 3067 ad
1156 3002 1278 3083 frugem

137 3087 289 3169 iniquitatis
313 3109 496 3156 accrescere
511 3092 651 3157 debenti
684 3092 728 3157 Ut
751 3092 850 3173 iniqui
873 3090 918 3155 illi
935 3089 1135 3171 legislatores
1151 3090 1279 3154 acatho-

138 3173 189 3240 licis
208 3179 328 3245 cirihus
350 3178 475 3245 facilius
490 3180 674 3256 suaderent,
696 3179 821 3245 scholas
843 3179 901 3243 has
923 3179 1043 3241 mixtos
1066 3179 1132 3242 sive
1148 3179 1278 3242 acatho-

138 3260 196 3329 baa
225 3267 371 3349 religioni
401 3268 614 3347 pnrnnlornnr
648 3267 880 3332 Catholicorum
916 3265 960 3330 nil
994 3266 1175 3330 detrimenti
1209 3283 1279 3329 esse

138 3350 288 3435 allaturas,
305 3357 444 3438 primunr
458 3355 644 3420 Catholicae
666 3356 828 3420 doctrinae
842 3354 1079 3418 instructionem
1096 3371 1115 3415 a
1130 3353 1280 3432 parochis

138 3440 305 3509 tradendam
329 3444 362 3507 in
392 3444 508 3509 scholis
539 3444 697 3524 primariis
726 3443 948 3519 admittebant,
985 3440 1040 3504 sed
1072 3440 1160 3502 brevi
1182 3443 1279 3503 etiam

137 3541 192 3591 sam
221 3529 406 3613 Religionis
437 3533 680 3596 instructionem
715 3549 733 3594 e
767 3530 881 3595 scholis
917 3529 1130 3593 eliminarunt.
1164 3528 1208 3589 ita
1243 3531 1279 3590 ut

137 3608 272 3684 Catholici
305 3619 431 3700 parvuli
458 3620 491 3683 in
515 3618 628 3683 scholis
661 3618 840 3683 omnimodo
875 3617 1007 3680 arbitrio
1038 3622 1070 3679 et
1103 3615 1278 3678 seductioni

137 3695 326 3788 ludimagistri
360 3706 585 3771 Protestantici
614 3723 744 3786 prorsus
776 3705 890 3781 relicti,
925 3721 1080 3768 summurn
1103 3702 1278 3783 periculum

137 3795 326 3864 nemersiouis
350 3799 383 3858 et
402 3793 586 3859 deiectionis
608 3813 628 3858 a
650 3791 712 3856 fide
728 3791 893 3858 Catholica
915 3793 1053 3855 subeant
1076 3807 1202 3855 necesse
1225 3790 1278 3855 sit.

136 3873 243 3945 tanin
263 3881 485 3964 quodcumque
515 3883 591 3962 ipsis
614 3900 633 3944 a
656 3881 796 3961 parocho
826 3880 954 3961 proprio
988 3881 1019 3942 in
1056 3877 1200 3943 Ecclesia
1222 3895 1279 3957 pa-

137 3963 248 4035 rochiali
270 3988 381 4035 verum
411 3989 449 4034 ac
471 3970 610 4034 divinum
642 3969 779 4045 docetur,
810 3987 828 4032 a
858 3967 1077 4047 ludimagistro
1108 3966 1141 4029 iu
1163 3962 1278 4029 scholis

136 4046 231 4121 Νιιιιιι
253 4065 288 4122 ιι
310 4057 467 4122 humanae
489 4057 680 4121 inventionis
703 4054 888 4138 figmentum
911 4053 1100 4131 declaratur,
1126 4055 1158 4117 et
1180 4051 1280 4133 quod·

136 4155 249 4223 amque
271 4146 319 4210 eis
350 4153 462 4210 sancte
485 4144 654 4208 tenendum
690 4149 722 4208 et
752 4145 803 4225 pie
825 4142 1016 4206 servandum
1046 4141 1080 4205 in
1102 4138 1280 4205 Parochiali

135 4228 250 4297 ccclesia
264 4233 514 4310 commendatur,
535 4233 568 4295 in
591 4231 700 4298 schola
722 4233 820 4296 mixta
834 4228 933 4294 veluti
956 4246 1007 4293 res
1031 4227 1101 4292 vilis
1116 4231 1150 4291 et
1169 4245 1280 4308 super·

135 4315 241 4385 ahhosa
271 4321 469 4385 consuetudo
502 4321 720 4386 calumniatur.
778 4318 840 4385 Sed
871 4315 1024 4397 eiusmodi
1061 4315 1187 4380 scholae
1216 4333 1280 4380 uon
