2872 4874
439 323 479 369 nr
502 323 652 372 nocrxmi
676 322 854 371 ermonici.
1188 306 1229 373 29

58 463 214 541 sistimur,
247 467 284 527 ut
306 461 425 527 referat
448 464 663 543 unusquisque
686 463 817 543 propria
840 463 979 544 corporis
1001 470 1098 544 prout
1121 466 1228 547 gessit,

59 553 128 616 sive
151 551 271 614 bonum
295 551 362 615 sive
383 549 501 614 malum
525 551 570 633 (2.
584 548 655 616 Cor.
682 556 711 627 5,
732 555 795 630 10),
819 568 921 631 neque
943 551 1028 613 ullus
1050 558 1123 632 post
1146 554 1230 619 hanc

61 638 229 703 mortalem
245 639 345 702 vitam
367 638 555 719 relinquitur
569 637 656 702 locus
678 638 893 718 poenitentiae
909 638 950 701 ad
961 637 1228 719 justificationem.

62 727 180 791 Omnes
204 726 310 805 igitur,
334 726 388 806 qui
410 727 441 789 in
465 725 583 790 actuali
605 732 736 807 peccato
760 725 885 790 mortali
913 727 979 790 vita
1001 725 1185 808 funguntur,
1210 748 1230 792 a

62 833 161 896 regno
172 814 235 877 Dei
250 813 371 877 exclusi
386 814 545 878 cruciatus
561 814 733 893 gehennae,
749 814 782 878 in
799 832 861 894 qua
876 813 965 878 nulla
981 819 1031 879 cst
1043 816 1228 896 redemptio,

64 904 94 966 in
115 907 284 966 aeternum
300 901 511 965 sustinebunt.
546 900 653 965 Etiam
676 902 817 982 quicum
840 901 907 965 solo
931 901 1075 983 originali
1098 909 1229 983 peccato

64 995 197 1054 mortem
219 989 347 1065 obeunt,
365 988 457 1053 beata
474 989 534 1052 Dei
556 989 679 1054 visione
702 990 734 1052 in
757 994 946 1069 perpetuum
969 989 1132 1055 carebunt.
1168 992 1231 1069 Qui

65 1096 138 1142 vero
161 1077 195 1140 in
218 1076 376 1141 charitate
391 1077 451 1141 Dei
475 1076 679 1151 decesserint,
696 1082 866 1157 antequam
889 1077 993 1158 dignis
1017 1079 1229 1159 poenitentiae

65 1164 217 1230 fructibus
247 1164 287 1228 de
310 1165 484 1229 commissis
515 1164 729 1229 satisfecerint
753 1170 786 1228 et
809 1165 942 1244 omissiS,
967 1183 1076 1229 eorum
1104 1167 1230 1231 animae

66 1253 169 1334 poenis
193 1251 387 1333 purgatoriis
409 1258 482 1333 post
504 1258 640 1317 mortem
663 1256 850 1333 purgantur.

166 1339 299 1404 Illorum
322 1340 457 1420 denique
472 1340 607 1419 animae,
632 1340 686 1420 qui
708 1342 782 1421 post
797 1340 991 1420 baptismum
1014 1338 1134 1404 nullam
1155 1359 1228 1421 pec-

66 1429 123 1494 cati
143 1427 305 1492 maculam
327 1427 538 1506 incurrerunt,
574 1433 631 1492 aut
653 1433 726 1508 post
760 1431 952 1491 contractam
980 1428 1139 1492 maculam
1162 1428 1229 1493 sive

65 1517 92 1580 in
114 1533 247 1596 corpore
269 1515 336 1579 sive
359 1520 433 1596 post
454 1522 589 1580 mortem
604 1516 734 1597 purgati
756 1521 840 1589 snut,
863 1533 936 1579 mox
951 1515 983 1579 in
1006 1515 1128 1580 coelum
1150 1518 1230 1580 reci-

66 1605 189 1684 piuntur
221 1608 318 1684 atque
341 1602 444 1666 Deum
475 1621 572 1667 unum
604 1608 636 1667 et
666 1604 784 1667 trinum
818 1602 903 1667 clare
933 1604 1093 1668 intuentes
1124 1604 1230 1668 divina

67 1691 197 1756 essentia
219 1691 254 1754 in
278 1709 404 1756 omnam
428 1692 653 1755 aeternitatem
668 1690 855 1773 fruentur.1)

164 1778 275 1856 Quare
307 1796 482 1856 monemur,
517 1785 562 1856 ut,
600 1779 674 1842 dum
709 1784 834 1858 tempus
864 1777 1026 1856 habemus,
1062 1796 1230 1859 operemur

69 1865 172 1930 bonum
197 1864 285 1945 (Gal.
304 1871 333 1945 6,
362 1865 432 1948 10);
461 1866 536 1947 quia
559 1868 646 1931 venit
668 1883 738 1946 nox,
764 1865 888 1946 quando
911 1884 1003 1930 nenio
1026 1871 1133 1946 potest
1157 1885 1230 1947 ope-

73 1955 129 2020 rari
153 1953 264 2036 (Joan.
291 1958 321 2030 9,
347 1952 394 2036 4.)
420 1990 459 1999 -

494 2455 798 2539 OANONES.

633 2669 658 2733 I.

479 2825 530 2891 De
553 2825 615 2893 SS.
641 2826 811 2892 Triclinia.

168 2992 198 3052 1.
236 2984 272 3050 Si
294 2987 363 3066 quis
387 2983 510 3064 dixerit,
534 2985 617 3050 sieut
639 2991 706 3050 tres
722 3003 884 3068 personas,
907 2985 954 3048 ita
977 2990 1010 3050 et
1032 2990 1098 3051 tres
1122 3005 1229 3052 assen-

61 3075 119 3140 tias
143 3093 203 3139 seu
226 3072 423 3138 substantias
444 3074 478 3137 in
500 3072 568 3137 Deo
593 3091 678 3152 esse;
702 3073 870 3137 anathema
892 3073 942 3137 sit.

167 3167 198 3226 2.
235 3160 270 3226 Si
292 3161 362 3242 quis
377 3160 501 3240 dixerit,
526 3159 663 3225 divinam
687 3161 896 3225 substantiam
919 3178 982 3223 non
1005 3179 1146 3243 numero,
1170 3164 1228 3228 sed

63 3250 165 3330 specie
190 3267 248 3314 seu
279 3249 432 3330 qualitate
454 3248 553 3313 trium
574 3265 780 3329 personarum
807 3267 903 3313 unam
927 3247 1121 3330 eandemque
1143 3269 1229 3332 esse;

63 3336 235 3402 anathema
256 3337 306 3401 sit.

169 3430 197 3489 3.
244 3424 278 3490 Si
310 3424 380 3505 quis
410 3423 534 3503 dixerit,
570 3423 758 3487 Trinitatem
795 3443 890 3487 unum
922 3424 1026 3487 Deum
1058 3442 1128 3489 esso
1162 3444 1226 3490 non

62 3517 192 3593 propter
207 3512 300 3576 unius
323 3510 523 3575 substantiae
538 3510 799 3592 singularitatem,
824 3511 881 3576 sed
902 3515 1033 3593 propter
1048 3511 1107 3574 Dei
1130 3514 1227 3577 trium

61 3600 314 3665 substantiarum
337 3598 565 3679 aequalitatem
589 3603 622 3663 et
636 3615 843 3678 personarum
866 3600 907 3663 ad
930 3598 1121 3664 seinvicem
1144 3600 1226 3664 rela-

60 3688 198 3769 tionem;
223 3686 394 3752 anathema
417 3687 468 3751 sit.

167 3781 198 3840 4.
224 3773 352 3856 siquis
376 3775 569 3839 creationem
592 3778 650 3838 aut
671 3775 814 3855 quamvis
829 3773 923 3837 aliam
947 3775 1162 3855 operationem
1185 3776 1227 3839 ad

59 3869 150 3929 extra
182 3864 239 3928 uni
262 3880 419 3943 personae
442 3862 566 3926 divinae
595 3863 642 3926 ita
671 3862 831 3943 propriam
854 3880 924 3926 esse
948 3863 1070 3942 dixerit,
1105 3867 1228 3928 utnon

58 3955 101 4017 sit
123 3950 275 4018 omnibus
298 3951 480 4029 communis,
504 3968 569 4014 una
591 3956 625 4016 et
646 3950 799 4027 indivisa3
822 3949 994 4014 anathema
1017 3952 1068 4016 sit,

58 4094 276 4104 ..-...-..---—-

171 4179 194 4263 ὕ
214 4192 293 4250 Cous.
307 4193 421 4246 Concilii
437 4194 588 4247 Florentini
609 4193 748 4246 decretum
761 4193 882 4260 unionis3
903 4193 1042 4248 innocent.
1055 4193 1104 4245 Ill.
1118 4193 1228 4248 Deerat.

55 4267 193 4338 Majorea
212 4264 360 4332 DeBapt.;
380 4263 552 4321 Benedllll.
574 4262 665 4318 const.
684 4262 851 4316 Benedictus
871 4263 958 4329 Deus;
979 4262 1043 4315 Pius
1059 4263 1102 4316 Vl.
1112 4264 1226 4318 Auctor.

54 4336 117 4394 fidei
134 4351 223 4408 prop.
243 4335 286 4388 26.

1281 4424 1372 4568 A
