2872 4874
138 319 200 381 112
638 331 807 380 rosrunnra

136 471 270 551 Marium
298 472 461 554 Virginem
490 471 606 537 intuitu
628 472 814 537 meritorum
850 469 969 536 Christi
1001 469 1081 537 Jesn
1112 469 1306 552 salvatoris,

136 561 220 629 siout
242 561 282 626 de
315 564 446 642 peccato
469 577 528 641 per
555 558 794 625 immaculatam
822 557 1069 642 Conceptionem
1100 564 1135 624 et
1159 559 1204 625 de
1228 577 1302 626 eon-

137 648 332 730 cupiscentia
353 667 411 729 per
425 645 624 728 virginalem
648 645 896 727 Maternitatem,
919 646 966 710 ita
982 646 1022 711 de
1043 646 1172 712 inimica
1195 651 1304 715 morte

136 735 329 819 singularem
358 734 554 816 triumphum
578 732 738 815 retulisse,
770 752 829 815 per
856 733 1066 801 acceleratam
1089 733 1130 801 ad
1153 734 1306 811 similitu·

136 823 239 890 dinam
261 822 334 889 Filii
364 822 420 888 Sui
448 821 736 903 Resurrectionem,
765 819 942 888 firmissime
969 827 1114 888 teneant:
1148 821 1234 905 ideo,
1265 828 1302 889 ut

135 911 202 993 cjus
225 910 328 994 gloria
349 928 430 976 novo
453 909 621 991 splendore
643 914 797 992 augeatur
819 911 952 992 ejusque
967 910 1162 992 praesidium
1185 908 1231 975 ad
1253 909 1303 975 in·

134 998 327 1065 tenimendas
361 997 512 1062 haereses
545 998 606 1064 hac
640 1005 750 1064 nostra
783 996 937 1078 piaculari
969 1003 1075 1063 aetate
1103 1001 1303 1079 grassarier,

134 1088 278 1168 Eamque
315 1088 350 1151 ct
383 1084 485 1155 Deum
518 1084 631 1151 Filium
662 1085 730 1166 ejus
760 1085 963 1168 impetentes,
998 1086 1100 1167 magis
1129 1087 1298 1168 magisque

134 1173 281 1241 Ecclesia
302 1173 490 1254 experiatur,
514 1178 548 1239 et
563 1170 792 1240 Christifideles
807 1179 953 1240 votorum
976 1173 1041 1238 sint
1063 1173 1193 1238 tandem
1218 1191 1305 1239 com·

134 1267 243 1345 potes:
280 1260 450 1342 Deiparam
483 1261 588 1327 anima
627 1267 660 1326 et
699 1279 831 1342 corpore
868 1260 956 1326 coelo
989 1262 1102 1327 adesse
1140 1261 1299 1326 viventem

134 1349 317 1421 solemniter
348 1346 516 1429 declarari,
548 1349 737 1430 proclamari
764 1353 859 1430 atque
888 1345 1012 1413 definiri
1045 1347 1299 1414 aSacrosancta

135 1437 289 1505 Vaticana
311 1435 446 1520 Synodo,
470 1455 564 1518 quarn
588 1437 808 1503 ardentissime
831 1440 992 1517 expetunt.

230 1575 317 1640 Huic
335 1575 549 1656 postulationi
571 1575 832 1656 subscripserant
854 1581 895 1640 31
923 1575 1059 1641 Consilii
1081 1575 1210 1643 Patras,

610 1784 820 1796 s———-—

243 1959 322 2026 Cum
345 1959 537 2042 infrascripti
561 1959 690 2026 Concilii
705 1961 851 2025 Vaticani
866 1959 979 2024 Patres
998 1960 1089 2042 juxta
1106 1968 1294 2042 perpetuum

136 2047 300 2130 utriusque
322 2047 481 2114 Ecclesiae
496 2066 622 2113 sensnm
646 2053 678 2113 et
700 2048 902 2113 traditionem
929 2048 1143 2112 venerandam
1165 2049 1299 2115 Beatam

137 2137 272 2201 Mariam
299 2136 461 2218 Virginem
492 2137 608 2201 intuitu
639 2138 823 2202 meritorum
852 2133 969 2200 Christi
1006 2135 1083 2200 Jesu
1112 2135 1294 2216 salvatoris,

137 2224 219 2290 sicut
242 2225 282 2289 de
311 2231 524 2306 peccatoper
553 2225 793 2289 immaculatam
817 2221 1071 2304 Conceptionem‚
1104 2229 1137 2287 et
1161 2225 1202 2289 de
1226 2242 1300 2291 con·

136 2311 329 2395 cupiscentia
344 2331 402 2392 per
416 2311 608 2391 Virginalem
624 2311 868 2392 Materuitatem,
892 2311 937 2376 ita
952 2316 985 2376 et
1000 2312 1038 2376 de
1053 2312 1182 2378 inimica
1197 2317 1299 2379 morte

136 2399 327 2482 singularem
357 2398 550 2479 triumphum
578 2399 724 2464 retulisse
751 2418 808 2481 per
841 2399 1053 2466 acceleratam
1086 2400 1128 2464 ad
1151 2401 1302 2466 similitu·v

136 2488 241 2552 dinem
272 2486 344 2550 Filii
368 2485 423 2552 Sui
453 2486 729 2551 Resurrectionem
763 2485 938 2552 firmissime
967 2494 1112 2552 teneant:
1145 2488 1234 2569 ideo,
1265 2493 1300 2559 ut

136 2574 203 2656 ejus
227 2575 328 2657 gloria
362 2592 441 2640 novo
472 2573 637 2655 splendore
668 2580 835 2656 augeatur,
868 2575 998 2656 ejusque
1027 2575 1223 2655 praesidium
1260 2575 1302 2640 ad

135 2662 363 2726 intarimendas
385 2662 533 2726 haereses
568 2661 627 2727 hac
655 2668 763 2728 nostra
790 2661 942 2744 piaculari
971 2668 1076 2727 aetate
1103 2666 1300 2744 grassantes,
1335 2660 1338 2667 ’

135 2749 278 2831 Eamque
312 2755 346 2815 et
376 2750 478 2816 Deum
508 2749 624 2814 Filium
653 2769 744 2815 suurn
774 2751 978 2831 impetentes,
1009 2751 1109 2832 magis
1133 2752 1302 2834 magisque

136 2840 329 2919 experiatur,
365 2844 397 2902 et
426 2836 654 2903 Christifideles
683 2845 830 2903 votorum
858 2839 922 2903 sint
956 2839 1085 2902 tandem
1116 2845 1299 2920 compotes;

134 2924 306 3006 Deiparam
336 2927 495 2990 animast
525 2944 657 3006 corpore
680 2926 766 2990 coelo
793 2926 906 2991 adesse
928 2926 1085 2990 viventem
1116 2926 1303 2993 solemniter

135 3013 303 3093 declarari,
339 3013 539 3095 proclamari,
572 3018 667 3094 atque
696 3012 818 3078 definiri
850 3032 869 3076 a
901 3013 1108 3079 Sacrosancta
1140 3015 1300 3080 Vaticana

134 3101 259 3182 Synodo
282 3119 377 3182 quam
400 3102 620 3169 ardentissime
643 3106 805 3184 expetunt.

175 3283 176 3287 =
241 3241 326 3306 Huic
342 3241 557 3323 postulationi
581 3242 837 3329 subscripserant
861 3229 1042 3306 avocata
1066 3240 1193 3305 Patres.

240 3625 319 3690 Cum
342 3628 426 3690 inter
450 3644 502 3713 ea,
520 3645 600 3707 quae
616 3625 806 3692 universalis
822 3625 965 3691 Ecclesia
988 3625 1147 3690 credenda
1169 3643 1307 3708 semper·

133 3714 275 3792 retinuit,
299 3732 336 3778 ac
359 3712 477 3778 Christi
499 3711 608 3778 fideles
632 3716 768 3779 maxima
791 3714 957 3778 devotione
979 3715 1125 3778 venerati
1147 3718 1233 3792 sunt,
1258 3715 1302 3779 sit

134 3801 213 3865 illud
236 3800 328 3866 finale
343 3802 543 3884 privilegium
566 3801 774 3866 Beatissimae
789 3802 928 3884 Virginis
946 3800 1057 3865 Matris
1081 3800 1140 3864 Dei
1163 3800 1300 3883 Mariae,

135 3908 174 3953 ex
196 3907 257 3970 quo
281 3887 430 3968 creditur,
465 3891 557 3971 quod,
589 3891 670 3954 sicut
693 3908 712 3953 a
734 3891 811 3970 Deo,
844 3891 898 3970 qni
927 3888 1042 3952 Eidem
1072 3886 1149 3952 iecit
1172 3907 1301 3972 magna,

30 4012 36 4022 ·
135 3978 294 4041 custodita
316 3975 377 4041 fuit
400 3996 419 4040 a
442 3978 641 4058 corruptione
664 3979 787 4058 peccati
812 3978 936 4058 inipso
960 3995 1016 4040 suo
1041 3977 1140 4057 primo
1163 3975 1302 4042 introitu

135 4063 304 4143 advitam,
334 4066 380 4129 sic
403 4070 435 4128 et
463 4065 601 4130 infelici
632 4082 688 4130 suo
713 4066 808 4141 exitu,
841 4065 880 4129 ob
904 4065 1113 4129 reverentiam
1136 4063 1300 4144 virgineae

136 4155 246 4232 carnis,
267 4171 305 4216 ex
328 4171 392 4234 qua
407 4171 533 4217 carnem
558 4153 703 4233 sumpsit,
722 4171 741 4218 a
757 4153 958 4234 corruptione
974 4153 1114 4233 corporis
1138 4157 1299 4215 servatam

133 4241 313 4327 immunem,
337 4243 412 4323 quin
441 4244 547 4305 tamen
569 4240 713 4306 Ecclesia
743 4241 867 4306 Docens
890 4241 951 4305 hoc
974 4239 1013 4305 de
1037 4237 1100 4304 fide
1122 4237 1299 4319 definierit;

133 4322 326 4410 infrascripti
359 4326 447 4395 Sacri
482 4328 628 4394 Vaticani
659 4325 789 4393 Consilii
819 4327 941 4408 Patres,
977 4327 1019 4393 ad
1048 4328 1202 4410 majorem
1226 4326 1302 4411 Dei,
