2872 4874
160 325 220 385 148
259 340 264 348 ·
664 339 832 386 rosrumm

155 484 328 559 praetextu,
351 485 477 561 tempus
505 479 700 559 probationis
723 479 837 543 minui:
872 479 948 543 item
972 485 1004 542 et
1025 479 1223 561 disciplinam
1245 480 1296 545 reli

155 568 273 642 etiosam
297 573 406 630 sancte
428 566 565 643 servari,
594 569 783 646 abususque,
808 567 836 632 si
859 567 956 647 aliqui
979 569 1201 648 surrepserint,
1226 568 1297 636 citiu

155 652 326 717 reformari.
372 653 459 718 Haec
482 659 590 718 autem
613 660 649 718 ut
671 660 837 736 praestare
862 654 985 736 possint
1008 654 1170 737 Episcopi,
1194 656 1297 725 omnim

154 759 282 806 necesse
315 746 400 806 esset
433 739 581 822 praefata
614 743 761 806 instituta
796 743 855 806 sub
885 742 1009 806 illorum
1037 743 1252 825 jurisdictione
1276 755 1297 813 et

152 846 248 894 manu
263 828 416 909 relinqui3
440 828 573 909 ideoque
589 829 683 894 nullis
706 830 953 910 exemptionibus
969 830 1170 895 immediatae
1187 831 1297 898 Ordina-

153 918 272 982 riorum
295 916 515 996 gubernationi
538 917 607 997 ipsa
630 917 784 982 subtrahi.

612 1144 662 1210 Dc
687 1143 858 1224 Capitalis.

256 1283 290 1348 Si
313 1285 353 1348 de
376 1284 536 1365 capitulis,
566 1303 737 1365 eorumque
760 1287 902 1364 statutis
934 1286 966 1349 in
990 1282 1132 1349 Concilio
1157 1284 1297 1366 agendum.

152 1373 271 1450 veniat,
307 1373 353 1435 ita
386 1373 492 1436 omnia
525 1377 753 1453 componantur
784 1379 940 1452 cauteque
975 1375 1230 1454 attemperantur,
1257 1375 1289 1449 ut,

152 1466 305 1540 quantum
328 1457 396 1524 fieri
420 1460 550 1541 poterit,
586 1466 754 1525 arceantur
777 1478 884 1525 omnes
914 1461 1094 1526 occasiones
1119 1457 1289 1524 conflictum

151 1548 324 1629 Episcopos
347 1548 431 1612 inter
465 1553 496 1612 et
520 1546 683 1629 Capitula:
720 1548 761 1611 ad
791 1548 875 1628 quod
898 1553 984 1612 certe
1007 1548 1141 1612 maxime
1164 1546 1290 1622 conferet,

151 1637 177 1698 si
209 1641 352 1700 servetur
385 1634 551 1700 laudabilis
588 1654 656 1701 mos
685 1637 717 1698 iu
749 1636 900 1700 Ecclesiis
933 1637 1049 1700 nostris
1074 1654 1094 1699 a
1117 1634 1290 1701 Concordem

156 1729 237 1788 1801
265 1730 417 1804 receptus
445 1725 538 1806 Juxta
568 1741 662 1803 quem
685 1723 830 1788 Vicarius
854 1722 1019 1788 Generalis
1052 1724 1199 1804 Episcopi
1220 1717 1289 1786 simul

152 1816 201 1874 est
224 1811 371 1876 Decanus
403 1809 551 1892 Capituli.
604 1811 682 1876 Inde
710 1812 793 1875 enim
827 1810 963 1876 feliciter
986 1812 1142 1892 contingit
1170 1815 1203 1875 ut
1223 1810 1288 1874 extet

150 1898 307 1963 vinculum
322 1899 479 1979 quoddam
497 1900 635 1978 unitatis
659 1917 720 1979 quo
737 1898 912 1980 Episcopus
936 1903 969 1963 ct
984 1897 1167 1980 Capitulum
1189 1896 1289 1962 facilius

150 1992 182 2051 et
205 1987 296 2067 quasi
317 1987 505 2051 naturaliter
528 1987 724 2052 adinvicem
748 1991 977 2052 connectuntur
1000 1991 1033 2050 et
1056 1987 1258 2052 conciliantur.

222 2214 377 2295 Episcopi
401 2215 654 2294 dispensationes
678 2235 784 2279 onnes
808 2214 974 2279 concedere
995 2213 1133 2293 possint,
1160 2234 1234 2296 qnae

314 2319 346 2384 S.
370 2319 523 2399 Pontifici
546 2337 692 2398 conpresso
714 2338 778 2382 non
798 2319 923 2398 fuerint
944 2324 1134 2385 reservatae.

252 2457 332 2522 Cum
355 2457 488 2523 facultas
512 2477 531 2522 a
555 2458 696 2538 positivis
729 2457 867 2537 legibus,
903 2459 1091 2539 prudenter,
1125 2459 1158 2523 in
1186 2453 1289 2523 casibus

144 2546 389 2626 particularibus
422 2545 624 2627 dispensandi
655 2545 696 2609 ad
720 2545 836 2609 bonum
865 2547 1007 2627 regimen
1035 2547 1210 2611 animarum
1231 2557 1288 2626 per-

146 2634 253 2712 tineat,
277 2634 452 2699 necessitas
473 2638 580 2697 autem
597 2632 864 2715 dispensationum
887 2634 933 2698 ita
953 2633 1136 2716 frequenter
1151 2630 1289 2702 occurat

146 2727 181 2784 ut
204 2721 296 2784 nimis
319 2721 489 2786 molestum
518 2720 616 2802 foret,
652 2722 714 2785 imo
744 2720 889 2785 nocivum
912 2739 1021 2802 saepe,
1054 2723 1081 2788 si
1111 2723 1154 2787 ad
1176 2722 1293 2786 Romam

91 2873 101 2881 ,
146 2809 303 2874 ordinario
332 2809 559 2874 recurrendum
591 2815 676 2874 esset
702 2828 760 2891 pro
794 2809 1082 2890 dispensationibus
1113 2805 1288 2878 obtinendis,

117 2912 249 2976 nonne
272 2898 459 2962 conveniens
484 2902 569 2962 esset
584 2897 719 2976 decerni,
746 2902 777 2961 et
800 2897 832 2960 in
852 2897 904 2978 jus
921 2915 1084 2962 commune
1107 2899 1191 2978 poni,
1214 2894 1297 2976 Epis·

144 3002 239 3066 copos
267 2985 414 3067 deinceps
444 2986 696 3066 dispensaturos,
732 2985 785 3048 ubi
816 2990 939 3049 tantum
962 2985 1002 3050 de
1032 2985 1157 3051 casibus
1192 2987 1297 3067 agetur

143 3073 397 3153 particularibus,
429 3091 524 3154 super
546 3072 778 3138 ecclesiasticas
801 3071 902 3152 leges,
939 3073 1000 3136 nisi
1023 3091 1158 3154 quarum
1182 3074 1297 3154 dispen·

143 3161 298 3226 sationem
325 3161 355 3227 S.
380 3159 569 3226 Pontificum
599 3160 768 3240 prudentia
798 3177 943 3241 expresse
977 3162 1037 3226 sibi
1067 3163 1225 3226 censuerit
1250 3174 1297 3222 re⁴

141 3249 338 3313 servandam.
547 3298 552 3305 .

126 3332 133 3340 ’
246 3336 488 3402 Reservationes
509 3340 613 3399 autem
638 3336 906 3417 dispensationum
922 3333 953 3402 S.
969 3335 1114 3400 Pontifici
1129 3337 1231 3403 locum
1244 3334 1297 3399 ha·

139 3422 216 3488 bere
232 3421 338 3490 forsan
361 3421 521 3488 sufficeret
542 3424 574 3488 in
590 3423 785 3505 grauissimis
808 3423 939 3503 legibus,
964 3441 1060 3504 super
1075 3441 1155 3504 quas
1178 3441 1246 3489 raro
1266 3432 1297 3488 θ’

139 3512 286 3576 nonnisi
309 3511 348 3576 ob
373 3512 533 3593 graviores
557 3529 670 3578 causas
693 3511 869 3592 dispensari
892 3511 981 3576 solet.
1072 3529 1074 3532 ⁴

257 3738 491 3820 Episcoponnn
511 3739 683 3817 inanitates
706 3739 792 3804 circo
815 3757 907 3804 cosns
930 3739 1065 3804 occultos
1090 3739 1189 3804 latins

582 3845 853 3924 interpretandae.

240 3985 412 4050 Decretum
435 3985 558 4050 concilii
580 3985 767 4064 Tridentini,
795 3985 827 4048 vi
849 3985 938 4067 cujus
960 3984 1111 4066 Episcopi
1134 3983 1297 4051 absoluere

135 4078 270 4154 possuut
292 4092 312 4137 a
335 4074 459 4139 casibus
491 4074 521 4139 S.
546 4070 691 4137 Pontifici
713 4072 893 4152 reservatis,
925 4072 1050 4153 quaudo
1074 4078 1149 4138 suut
1172 4071 1283 4138 occulti

133 4161 210 4246 item
233 4165 265 4224 et
288 4161 470 4243 dispensare
497 4162 530 4226 iu
559 4159 848 4241 irregularitatibus
876 4180 914 4225 ex
937 4159 1067 4240 delicto,
1102 4160 1129 4226 si
1153 4159 1297 4226 occultae

133 4249 205 4326 sint,
230 4248 405 4331 applicetur
428 4266 567 4330 quoque,
599 4252 729 4328 propter
759 4248 926 4328 paritatem
949 4248 1122 4327 rationum,
1155 4248 1198 4313 ad
1218 4247 1297 4311 irre*

133 4336 318 4419 gularitates
349 4342 382 4401 et
403 4341 535 4417 peccata
562 4340 727 4402 reservata
755 4352 837 4416 quae
870 4339 943 4416 post
967 4333 1143 4402 Concilium
1166 4334 1278 4400 Triden
