2872 4874
533 314 572 360 11
595 315 693 363 sanus
716 314 904 362 ooounrrois.
1257 302 1298 362 57

134 454 223 520 modo
238 454 406 519 evidenter
421 454 601 533 ostendunt,
625 453 840 519 immediatam
859 452 918 518 Dei
932 453 1086 520 visionem
1109 455 1301 523 naturaliter

137 560 311 625 repugnare
334 540 519 622 cuicumque
540 540 714 607 intellectui
737 547 846 606 creato
861 539 907 623 (S.
923 540 980 605 Tb.
999 550 1027 607 1.
1042 560 1073 623 p.
1090 560 1121 622 q.
1141 546 1190 607 12.
1206 562 1235 610 a.
1253 544 1299 629 4.)

135 634 168 695 -et
187 627 288 695 multo
323 629 427 710 magis
459 628 576 694 homini
602 629 635 693 in
666 634 754 693 stota
786 629 866 705 viae,
894 635 931 694 11
956 627 1127 710 loquuntur
1149 629 1300 714 Theologi

140 716 180 796 (S.
201 716 259 781 Tin
289 716 368 783 ibid.
397 735 426 782 a.
461 721 511 783 ll.
547 722 580 781 et
609 734 660 797 qq.
689 715 741 782 dd.
774 715 813 781 de
835 714 908 780 Ver.
939 734 971 796 q.
1001 721 1049 783 13.
1082 734 1113 781 a.
1142 718 1201 801 3.);
1242 718 1300 784 sed

143 811 301 886 praeterea
330 805 460 877 docent,
495 806 619 869 unicam
648 821 718 869 esse
747 805 829 869 viam
858 821 921 884 qua
953 803 1092 869 bumana
1121 822 1209 869 mens
1239 805 1299 872 Dei

139 890 344 974 cognitionem
367 892 532 973 acquirere
554 896 668 973 potest,
693 898 726 956 et
748 890 831 956 hanc
853 909 916 956 non
939 909 1010 957 esse
1033 891 1128 956 aliam
1143 911 1238 974 quam
1261 898 1299 959 nt

101 974 104 979 ’
144 980 262 1061 incipiat
284 980 327 1043 ab
350 980 390 1044 iis
420 978 610 1060 quaefacta
632 985 721 1057 sunt,
751 998 808 1044 seu
838 997 858 1043 a
889 979 1060 1057 creaturis,
1092 984 1124 1044 11
1153 987 1299 1062 assurgat

144 1067 294 1150 orpueado
318 1067 360 1133 ad
383 1067 593 1149 cognitionem
616 1066 686 1132 Dei.
732 1065 853 1132 Sufficit
883 1067 916 1132 in
945 1086 979 1131 re
1007 1067 1173 1132 notissima
1200 1087 1298 1133 unum

143 1156 182 1220 vel
206 1154 348 1219 alterum
375 1153 406 1220 S.
430 1154 569 1222 Thomae
596 1154 701 1220 locum
729 1155 878 1221 indicare.
935 1154 971 1219 ln
997 1172 1049 1235 qq.
1077 1154 1129 1243 dd,
1159 1155 1198 1220 de
1220 1156 1294 1225 Ver.

143 1260 166 1324 1.
186 1248 233 1307 18.
266 1261 297 1306 a.
323 1247 353 1306 2.
377 1243 438 1307 ait:
488 1242 571 1321 ,Nos
601 1242 695 1307 aliter
719 1243 818 1307 Deum
846 1247 958 1306 notum
988 1242 1106 1308 habere
1134 1263 1197 1308 non
1224 1262 1295 1325 pos-

138 1347 246 1409 sumus,
269 1330 335 1395 nisi
357 1349 395 1395 ex
418 1332 572 1395 creaturis
594 1331 636 1395 ad
659 1330 726 1410 eius
750 1329 898 1395 notitiam
913 1330 1105 1396 veniamus.“
1149 1329 1192 1394 Et
1209 1330 1296 1399 Sent.

142 1417 218 1483 11.
243 1417 319 1483 dist.
347 1423 375 1483 3.
399 1436 430 1499 q.
457 1426 485 1484 1.
536 1416 716 1496 „Naturalis
741 1419 821 1483 ratio
843 1435 907 1482 non
930 1418 1093 1500 cognoscit
1108 1419 1212 1484 Deum
1237 1421 1299 1486 nisi

139 1524 171 1570 ex
189 1505 378 1570 creaturis.“
424 1504 523 1571 Juxta
544 1506 576 1571 S.
593 1505 706 1570 Patres
721 1506 780 1570 Dei
803 1505 941 1587 cognitio
963 1505 997 1570 in
1020 1505 1080 1571 hac
1094 1506 1161 1571 vita
1175 1508 1296 1589 acquiri

140 1612 192 1659 non
211 1599 334 1675 potest,
359 1593 421 1659 nisi
443 1599 499 1658 aut
521 1612 578 1675 per
599 1591 695 1657 fidem
717 1600 774 1658 aut
796 1612 852 1674 per
866 1598 1090 1675 argumentum
1106 1612 1127 1657 a
1142 1596 1298 1660 creaturis

140 1682 310 1761 11111111,
335 1687 372 1744 11
393 1680 500 1761 legere
523 1687 573 1746 est
594 1680 679 1762 apud
694 1679 857 1746 Patavium
873 1679 982 1746 Theoi.
1007 1680 1086 1762 Dog.
1111 1679 1146 1748 L.
1173 1688 1202 1748 7.
1227 1702 1251 1747 c.
1267 1688 1296 1750 1.

141 1768 281 1850 lbeologi
303 1774 381 1850 post
404 1771 575 1834 Auctorem
598 1769 751 1833 librorum
773 1768 813 1834 de
835 1767 958 1834 Divinis
981 1769 1158 1834 nominibus
1181 1769 1250 1834 Lib.
1269 1777 1296 1834 1.

139 1864 207 1923 17.
239 1855 404 1938 triplicem
439 1856 568 1922 modnm
602 1862 748 1921 statuunt
782 1875 844 1938 quo
868 1856 928 1921 Dei
962 1857 1099 1939 cognitio
1130 1876 1150 1921 1
1180 1859 1296 1924 creatis

144 1944 222 2010 rebns
244 1943 437 2023 deducitur,
469 1943 591 2010 scilicet
618 1965 679 2023 per
709 1944 866 2023 effectum,
891 1965 956 2025 per
985 1945 1204 2022 remotionem,
1234 1966 1297 2026 per

146 2051 300 2098 1111111.
354 2030 428 2096 Jam
457 2050 533 2097 vero
560 2050 756 2113 quocumque
787 2032 880 2097 modo
910 2031 1083 2113 explicetur
1113 2032 1296 2098 immediata

157 2116 196 2182 111·
214 2119 371 2202 cognitio,
406 2137 446 2183 11
472 2136 599 2200 semper
629 2117 735 2184 differt
763 2138 783 2182 a
812 2120 990 2201 cognitione
1018 2120 1197 2201 arquitioa,
1233 2138 1290 2185 seu

151 2203 316 2272 1111111111
354 2208 429 2288 qnia
451 2208 582 2273 intuitio
605 2214 638 2272 et
661 2207 806 2272 deductio
833 2212 908 2271 sunt
931 2208 992 2272 duo
1016 2207 1202 2289 cognitionis
1224 2226 1295 2288 pro·

148 2310 233 2360 11111
271 2294 391 2358 diversi
425 2301 458 2359 et
494 2295 638 2377 oppositi.
704 2294 804 2375 Igitur
837 2295 1022 2360 immediata
1053 2294 1111 2360 Dei
1146 2296 1292 2377 cognitio,

143 2386 298 2463 utcumque
332 2381 518 2463 explicetur,
552 2383 722 2465 opponitur
753 2382 916 2449 doctrinae
945 2382 1077 2448 Patrnnr
1105 2388 1137 2447 11
1166 2382 1296 2448 Schola·

135 2470 290 2534 11111111.

232 2557 557 2623 Animadvertendum
580 2559 718 2639 insuper,
742 2557 875 2623 Sanctos
890 2558 1003 2624 Patres
1027 2565 1060 2622 11
1081 2557 1291 2623 Scholasticos

138 2641 251 2723 docere,
275 2662 460 2726 processum
482 2645 566 2710 bunc
588 2667 609 2709 α
625 2647 801 2726 posteriori
824 2664 893 2710 esse
916 2646 1141 2724 necessarium,
1174 2663 1236 2710 non
1258 2652 1294 2710 ut

132 2729 312 2797 -inmediata
328 2731 389 2798 Dei
412 2734 549 2815 cognitio
573 2751 652 2814 quse
675 2733 811 2798 humano
834 2733 1010 2799 intellectui
1032 2734 1221 2798 naturaliter
1245 2735 1293 2798 in·

134 2835 199 2883 esse
219 2819 338 2885 dicitur
360 2819 448 2887 clara
481 2828 514 2886 et
543 2820 694 2886 distincta
723 2821 942 2887 tantummodo
971 2820 1137 2900 reddatur,
1171 2821 1229 2885 sed
1256 2825 1322 2885 ut'

134 2902 267 2972 hnmana
289 2924 379 2974 mens
400 2907 443 2972 ad
459 2907 519 2973 Dei
534 2909 742 2989 cognitionem
763 2909 930 2991 perveniat
946 2910 1075 2990 ejusque
1090 2909 1290 2973 existentiam

132 2999 240 3059 contra
261 2994 372 3060 atbeos
395 2994 612 3060 demonstrare
635 2997 747 3077 possit:
772 3004 809 3060 ut
831 3004 941 3078 aperte
963 3000 1053 3076 patet
1075 3000 1143 3059 tum
1171 3014 1210 3059 ex
1233 2993 1294 3060 fine

136 3097 221 3161 quem
245 3082 307 3147 sibi
329 3089 527 3166 proponunt,
556 3089 624 3148 111
648 3102 685 3148 ex
710 3084 802 3149 modo
827 3102 888 3165 quo
911 3101 984 3147 suas
1009 3083 1295 3148 demonstrationes

135 3167 307 3235 conficiunt.
360 3169 432 3236 111
456 3188 532 3236 vero
562 3171 765 3236 immediatae
795 3173 854 3237 Dei
888 3170 1076 3253 cognitionis
1111 3169 1294 3235 defensores

134 3252 206 3321 illud
229 3258 433 3336 contendunt,
457 3258 661 3340 probationes
685 3277 796 3340 nempe
819 3280 840 3323 1
857 3258 1033 3338 posteriori
1053 3256 1236 3322 aPatribns
1260 3262 1293 3322 et

134 3338 333 3411 Scholasticis
366 3336 561 3427 caeterisque
595 3343 762 3428 Theologis
800 3365 858 3429 pro
894 3346 1059 3410 existentia
1089 3345 1149 3409 Dei
1179 3345 1295 3409 allatas

135 3430 234 3497 valere
257 3432 384 3515 quidem
406 3452 465 3515 pro
489 3433 616 3516 periodo
644 3432 761 3498 reflexa
793 3440 825 3498 et
847 3432 1050 3509 secundaria,
1086 3437 1121 3496 ut
1153 3432 1213 3514 ipsi
1248 3431 1293 3497 lo-

131 3526 277 3600 quuntur,
300 3539 364 3587 non
387 3526 492 3586 autem
515 3540 573 3604 pro
598 3521 718 3587 directa
742 3527 776 3586 11
798 3522 914 3602 prima:
944 3520 1003 3585 hoc
1027 3525 1077 3585 est
1100 3538 1162 3584 non
1184 3519 1292 3584 valere

132 3605 172 3668 ad
193 3607 473 3673 demonstrandam
495 3609 556 3674 Dei
578 3610 795 3688 existentiam,
820 3609 876 3674 sed
899 3608 1000 3673 solum
1030 3607 1072 3673 ad
1095 3604 1293 3673 efficiendam

138 3691 246 3758 claram
269 3701 303 3761 et
325 3696 508 3763 distinctam
533 3698 741 3778 cognitionem
764 3696 850 3761 iliam
873 3697 1094 3775 immediatam,
1119 3713 1182 3777 qua
1199 3696 1292 3778 juxta

137 3779 213 3860 ipsos
236 3783 342 3849 anima
365 3789 474 3849 nostra
496 3783 686 3851 naturaliter
708 3785 853 3866 praedita
877 3790 935 3849 est.

679 3995 733 4059 lv.

225 4116 526 4215 Ι011111111111111
550 4132 695 4198 catholici
723 4152 786 4198 non
810 4132 900 4197 modo
931 4151 970 4197 ex
997 4133 1096 4197 sacris
1119 4129 1291 4211 Scripturis

136 4218 171 4278 et
189 4216 218 4286 S.
240 4218 390 4287 Patribus
413 4226 559 4285 statuunt
581 4226 733 4302 tanquam
756 4219 830 4286 fidei
853 4221 983 4300 dogma,
1018 4237 1082 4284 non
1111 4235 1203 4298 posse
1233 4219 1291 4283 hu·
1393 4245 1395 4248 ⁴

141 4318 253 4391 menam
273 4309 584 4375 1111111111111
614 4309 682 4373 viae
709 4309 829 4374 habere
859 4307 1048 4374 naturaliter
1077 4306 1291 4388 cognitionem
