2872 4874
464 1282 858 1385 euasurum.
971 1255 978 1302 ²

207 1668 446 1787 complectitur
477 1705 568 1784 haec,
608 1723 702 1786 quam
733 1704 766 1768 in
800 1704 903 1770 lucem
937 1705 1071 1786 edimus,
1108 1706 1241 1774 Concilii

76 1812 229 1876 Vaticani
245 1810 504 1876 documentorum
520 1808 661 1875 collectio
675 1828 738 1874 non
754 1810 860 1874 omnia
875 1810 1010 1892 quidem,
1035 1812 1091 1877 sed
1106 1819 1245 1878 tantum·

80 1918 171 1982 modo
195 1916 253 1980 illa
275 1917 416 1997 eiusdem
446 1916 578 1981 Concilii
601 1915 802 1994 documenta,
832 1933 914 1996 quae
936 1915 979 1980 ad
1008 1915 1184 1983 doctrinam
1207 1925 1240 1984 et

88 2022 280 2104 disciplinam
310 2022 484 2103 pertinent,
518 2038 630 2102 nempe
653 2021 753 2102 primo
782 2020 865 2084 duas
887 2019 965 2086 illua
989 2019 1239 2089 Constitutioncs

91 2125 288 2209 dopnuticus,
314 2126 451 2207 quaein
474 2126 605 2208 publicis
629 2123 827 2190 Sessionibus
859 2127 954 2190 tertia
976 2130 1010 2190 et
1031 2133 1147 2208 quarta
1168 2147 1243 2194 san-

86 2233 163 2296 citae
186 2236 220 2294 ct
243 2230 462 2312 promulgatae
494 2237 584 2308 suut3
619 2231 732 2296 deinde
755 2231 811 2295 illa
832 2230 1042 2296 Decretorum
1063 2231 1240 2314 Sobemuta,

82 2353 178 2415 quae,
211 2337 305 2418 jussu
333 2335 529 2402 Sanctissimi
568 2337 681 2417 Patris,
726 2337 767 2401 ab
807 2337 936 2402 adscitis
964 2338 1049 2404 Viris
1086 2338 1243 2422 theologis
1271 2412 1274 2417 ,

80 2440 348 2523 ecclesiasticique
367 2443 449 2524 juris
472 2441 625 2508 consultis
647 2448 850 2526 praeparata,
873 2443 1006 2526 singulis
1030 2443 1160 2509 Concilii
1182 2444 1243 2509 Pa·

80 2546 183 2611 tribus
206 2546 379 2611 distributa
401 2552 497 2629 atque
520 2547 562 2612 ad
584 2565 714 2613 examen
740 2554 774 2612 ct
792 2549 945 2630 judicium
974 2549 1118 2631 subjecta
1140 2559 1242 2630 erant,

80 2653 177 2716 tertio
201 2652 336 2734 denique
358 2651 414 2717 illa
438 2652 615 2732 Postulata,
639 2672 721 2735 quae
744 2653 914 2718 secundum
937 2659 1080 2719 tenorem
1103 2654 1242 2719 Littera·

80 2775 152 2820 rum
179 2756 434 2837 Apostolicorum
465 2757 666 2839 Multiplices
696 2759 782 2823 iuter
812 2758 964 2840 peculiari
996 2756 1243 2843 Congregationi

82 2861 329 2936 aSanctissimo
352 2862 450 2928 Patre
477 2881 535 2944 pro
569 2863 760 2945 excipiendis
788 2869 820 2927 et
848 2863 1060 2946 expendendis
1089 2865 1242 2945 ejusmodi

81 2969 349 3049 propositionibus
371 2969 544 3050 deputatae
567 2986 587 3033 a
610 2964 742 3033 Concilii
763 2967 911 3033 Patribus
935 2973 1028 3033 erant
1049 2968 1197 3036 exhibita.

187 3071 250 3138 Sed
271 3074 408 3154 ingenue
430 3074 574 3154 fatemur,
602 3075 750 3155 primum,
778 3092 874 3156 quum
898 3073 937 3138 de
959 3074 1159 3156 suscipiendo
1181 3073 1243 3140 hoc

82 3196 179 3261 opere
203 3179 423 3260 cogitaremus
447 3181 541 3244 etiam
564 3180 799 3262 angustioribus
825 3178 978 3244 limitibus
1000 3179 1079 3243 illud
1102 3197 1159 3244 nos
1183 3181 1243 3244 cir-

80 3284 293 3348 cumscribere
315 3283 471 3350 maluisse.
517 3285 599 3349 Nam
622 3291 698 3349 tuuc
721 3285 845 3350 nonnisi
870 3284 931 3349 hoc
955 3284 1045 3349 nobis
1068 3302 1243 3367 proposue-

81 3406 198 3468 ramus,
222 3389 286 3468 illa,
317 3407 401 3470 quae
424 3389 565 3470 diximus,
595 3389 907 3472 Postulataintegre
930 3390 1115 3456 collectam
1139 3389 1242 3454 lucem

82 3495 190 3572 edcrc,
225 3492 358 3558 exclusis
389 3499 455 3558 tam
483 3494 546 3559 illis
576 3495 700 3560 duabus
732 3496 1017 3561 constitutionibus
1048 3495 1241 3576 dogmaticis,

78 3616 177 3680 quam
200 3598 262 3663 illis
286 3599 492 3664 Decretorum
515 3600 741 3681 schematibus,
764 3601 879 3683 quippe
901 3601 1067 3682 quaejam
1091 3599 1162 3665 aliis
1185 3602 1244 3665 viis

78 3704 176 3786 longe
197 3703 324 3785 lateque
356 3704 520 3786 divulgata
550 3711 665 3771 essent.
718 3706 822 3784 Quum
851 3712 957 3771 autem
989 3706 1030 3770 ad
1060 3712 1242 3787 susceptum

79 3809 243 3890 hocopus
267 3809 411 3891 aggressi
432 3827 584 3890 essemus,
615 3811 706 3877 facile
732 3810 824 3877 nobis
847 3812 1077 3894 persuasimus,
1104 3812 1160 3875 illa
1182 3811 1242 3875 Po·

80 3914 203 3978 stulata
230 3932 301 3979 cum
330 3915 394 3995 his,
424 3933 506 3996 quae
533 3917 627 3982 modo
660 3917 917 3999 memoravimus,
952 3918 1145 3982 documentis
1176 3923 1242 3981 tam

81 4026 168 4084 arcte
196 4020 378 4101 cohaerere,
412 4024 450 4084 ut
472 4021 523 4085 vix
553 4023 593 4087 ab
621 4023 659 4086 iis
686 4022 823 4104 disjungi
850 4028 990 4104 possent.
1043 4023 1242 4103 Quapropter

68 4108 206 4189 'mutato
229 4124 359 4190 consilio
382 4128 479 4190 ctiam
501 4128 580 4193 baec
602 4128 791 4193 documenta
805 4128 1042 4194 Postulatorum
1065 4127 1242 4193 collectioni

79 4230 224 4296 inserere
255 4232 482 4296 constituimus.
532 4230 607 4297 dam
629 4250 718 4311 vero,
750 4233 874 4313 siquis
904 4239 1052 4313 quaerat,
1087 4250 1242 4313 quaenam
