2872 4874
146 337 208 398 128
506 349 667 399 samma
690 349 949 398 consuranorum

144 509 217 556 care
220 492 267 569 ,²)
306 489 548 555 Examinatores
586 489 807 570 approbandos
844 507 1030 571 proponere,
1043 489 1070 572 ²)
1108 495 1142 554 et
1179 489 1312 558 ludices

145 576 319 661 synodales
349 579 441 660 juxta
478 577 711 643 ecclesiasticas
744 577 872 659 regulas
905 577 1084 659 designare.
1095 578 1121 660 8)
1174 578 1312 660 Expedit

144 666 275 747 insuper
298 683 406 731 eorum
433 682 515 745 quae
538 665 616 730 alias
648 666 770 730 sancita
793 663 912 730 fuerint
941 663 1132 745 quandoque
1154 666 1311 730 executio-

144 770 216 817 nem
240 772 365 835 urgere,
393 770 493 816 novas
516 753 593 816 item
622 753 864 819 constitutiones
887 752 992 832 edere,
1024 753 1138 834 quibus
1162 771 1202 816 an
1203 754 1311 833 tiquae

144 841 231 922 leges
254 841 516 917 communiantur,
539 840 690 920 novisque
705 841 826 906 obortis
849 840 941 904 malis
957 858 1041 905 nova
1064 841 1205 905 remedia
1218 859 1307 922 prae·

145 929 340 1003 scribantur„
376 945 414 991 ac
445 927 581 1008 denique
612 947 650 992 ea
684 928 789 994 omnia
820 946 902 1008 quae
926 928 968 992 ad
997 928 1117 993 rectius
1149 928 1305 992 Dioecesis

144 1017 286 1098 regimen
317 1016 485 1096 pertinent,
519 1021 697 1096 opportune
729 1016 907 1097 providere.
959 1015 1182 1099 Quapropter,
1216 1033 1305 1080 sacro

144 1105 342 1184 approbante
365 1101 517 1179 Concilio,
542 1105 709 1167 canonicas
739 1104 935 1182 sanctiones,
958 1121 996 1167 ac
1019 1105 1205 1168 nominatim
1226 1102 1301 1168 Gon·

146 1190 210 1256 cilii
232 1190 408 1256 Tridentini
441 1190 611 1256 Decretum
634 1192 674 1256 de
703 1191 884 1272 hujusmodi
907 1192 1049 1255 coetibus
1073 1190 1297 1274 celebrandis⁴l

145 1276 280 1342 fideliter
303 1279 344 1343 ab
367 1278 510 1342 omnibus
534 1280 655 1342 servari
678 1280 899 1360 praecipimus

251 1365 320 1442 Quo
342 1374 450 1430 tamen
480 1367 672 1430 commodius
705 1366 777 1430 huic
803 1367 989 1448 obligationi
1021 1365 1170 1431 satisfieri
1198 1365 1292 1447 possit,

144 1454 285 1534 quolibet
307 1453 421 1518 saltem
443 1454 581 1519 triennio
610 1454 833 1519 dioecesanam
855 1453 1018 1536 Synodum
1040 1454 1219 1519 habendam
1239 1458 1292 1518 sta·

144 1542 272 1606 tuimus.
318 1541 352 1606 Si
374 1560 449 1606 vero
471 1542 648 1623 legitimum
671 1542 930 1623 impedimentum
943 1540 1049 1607 forsan
1075 1543 1239 1620 obstiterit,
1259 1539 1292 1605 ab

143 1629 326 1711 Apostolica
348 1629 429 1695 Sede
452 1647 592 1710 congrua
614 1630 752 1710 provisio
776 1630 964 1710 postuletur.

606 1890 744 1958 CAPUT
768 1891 838 1959 VII.

527 2030 578 2096 De
607 2031 735 2096 Vicarr'o
761 2031 925 2096 Geaerali.

249 2171 357 2254 Magni
373 2171 523 2235 momenti
538 2171 571 2234 in
586 2173 755 2236 universae
770 2171 933 2236 Dioecesis
948 2169 1087 2252 negotiis
1104 2168 1292 2252 expediendis

143 2265 194 2325 est
215 2261 333 2326 Vicarii
356 2258 513 2340 generalis
537 2257 683 2322 officium.
729 2257 821 2336 Quod
843 2260 970 2341 quidem
992 2267 1029 2322 ut
1044 2256 1212 2339 Episcopis
1232 2272 1294 2323 vert

103 2346 111 2364 “
145 2349 215 2413 usui
239 2365 309 2412 esse
331 2348 433 2427 possit
455 2353 488 2410 et
510 2346 635 2426 auxilio,
659 2364 749 2410 sacro
771 2348 966 2428 approbante
990 2344 1139 2425 Concilio,
1164 2344 1297 2419 volumus

143 2455 181 2500 ac
204 2435 409 2511 decernimur,
434 2439 471 2496 ut
493 2433 573 2497 illud
592 2434 812 2498 ecclesiasticis
843 2434 918 2498 viris
941 2432 1104 2499 deferatur
1126 2452 1188 2498 non
1210 2434 1297 2498 minu·

144 2524 232 2587 ribus
255 2522 346 2586 annis
369 2522 513 2602 triginta,
538 2521 625 2584 etin
645 2520 716 2600 jure
740 2521 853 2586 saitem
871 2522 1020 2586 canonico
1044 2521 1236 2600 doctoribus,
1256 2516 1299 2585 uri

144 2610 223 2674 alias
247 2615 400 2690 quantum
430 2605 500 2673 fieri
534 2609 651 2689 poterit
680 2609 815 2687 idoneis;
842 2610 903 2690 ,qui
936 2617 1108 2690 praeterea
1138 2609 1301 2690 probitate,

93 2714 94 2717 ¹
143 2697 321 2780 prudentia,
354 2715 391 2760 ac
414 2715 521 2760 rerum
556 2696 766 2777 gerendarum
796 2698 911 2779 peritia
933 2695 1200 2762 commendentur.
1246 2694 1301 2760 llxss

143 2784 232 2865 pedit
254 2785 352 2848 etiam
374 2793 410 2847 ut
433 2783 624 2848 sacerdotali
656 2786 720 2848 sint
743 2784 927 2850 charactere
959 2784 1111 2866 insigniti,
1137 2802 1199 2864 quo
1223 2782 1303 2867 apud

144 2890 198 2936 eos
222 2871 334 2952 quibus
356 2872 476 2936 vicaria
498 2873 723 2954 procuratione
755 2879 907 2954 praesunt
930 2891 1002 2937 cum
1023 2872 1153 2936 virtutis
1176 2890 1214 2936 ac
1237 2872 1303 2936 doc·

142 2961 247 3024 trinae
270 2960 424 3041 opinione,
455 2967 523 3024 tum
547 2958 664 3041 gradus
692 2962 883 3027 auctoritate
906 2959 1043 3026 valeant.
1089 2958 1133 3022 Et
1155 2961 1232 3040 quia
1254 2977 1305 3024 nc·

143 3066 232 3112 cesse
255 3052 304 3111 est
337 3054 374 3111 ut
402 3046 504 3113 aiori
527 3047 644 3112 interni
673 3049 850 3114 ministerio
878 3048 979 3111 omnis
1011 3048 1149 3128 pellatur
1173 3046 1305 3129 suspicio

142 3135 227 3217 quod
250 3136 290 3200 ad
314 3135 438 3199 externi
460 3133 521 3199 fori
543 3136 643 3216 possit
658 3135 802 3201 adhiberi
824 3137 961 3218 negotia,
986 3153 1043 3199 nee
1058 3135 1307 3216 permittendum

144 3225 186 3288 sit
207 3227 244 3286 ut
267 3242 285 3286 a
309 3241 366 3287 suo
396 3240 526 3286 munere
559 3224 717 3304 quispiam
748 3225 932 3303 abducatur,
963 3223 996 3287 in
1018 3223 1104 3304 quod
1126 3223 1309 3288 incumbere

142 3317 231 3375 totus
255 3310 357 3389 debet,
385 3315 556 3391 propterea
585 3310 735 3393 Episcopi
767 3312 925 3376 canonicis
947 3310 1222 3392 poenitentiariis
1253 3327 1310 3392 pa·

144 3398 259 3475 rochis
284 3398 461 3478 ceterisque
492 3415 597 3461 curant
632 3399 809 3463 animarum
839 3399 1038 3476 habentibus,
1055 3395 1225 3479 itemque,
1257 3398 1309 3462 ob

144 3486 345 3551 trectationis
367 3485 513 3549 vitandae
536 3503 639 3565 causa,
664 3489 728 3550 suis
752 3485 901 3551 fratribus
926 3493 981 3550 aut
996 3486 1167 3567 nepotibus
1191 3485 1311 3552 Viearii

144 3573 303 3654 generalis
326 3590 439 3636 munus
463 3590 525 3637 non
550 3575 757 3638 committant.
803 3573 924 3650 Quibus
946 3592 1022 3637 vero
1046 3573 1079 3636 in
1102 3573 1312 3638 Dioecesibus

144 3662 251 3743 plures
274 3661 393 3724 Vicarii
415 3659 578 3743 generales
610 3661 755 3742 deputari
785 3661 898 3740 solent,
928 3661 962 3724 hi
984 3679 1149 3724 numerum
1174 3661 1311 3725 duorum

144 3751 195 3814 vel
217 3749 315 3813 trium
337 3766 400 3812 non
424 3748 587 3827 excedant,
613 3767 784 3830 omnesque
806 3750 840 3814 iu
863 3749 997 3814 solidum
1021 3766 1078 3814 seu
1100 3766 1200 3830 aeque
1223 3748 1312 3830 prin·

144 3837 290 3918 cipaliter
309 3836 552 3917 constituantur,
576 3856 615 3901 ne
638 3836 720 3902 forte
735 3856 817 3919 quae
839 3839 879 3902 ab
903 3855 1011 3902 eorum
1036 3835 1167 3916 singulis
1182 3834 1312 3917 provida

145 3998 201 4005 ..-

255 4077 377 4148 ¹)Conc.
396 4079 522 4135 Lateran
542 4078 590 4132 IV
608 4080 668 4136 lc

254 4149 373 4216 thouc
393 4151 468 4203 Trid.
489 4150 562 4203 Sess.
581 4153 624 4203 24.
645 4149 710 4218 Cap
731 4153 771 4204 18
792 4152 825 4205 de
845 4150 904 4205 Rei.

254 4219 362 4288 ³.)Cap
381 4221 522 4274 Statutum
540 4218 1311 4288 DeRescript.in6.Conc.Trid.Sess.25.0ap10.

147 4290 181 4344 de
200 4289 263 4344 Res
281 4290 348 4348 Ben
368 4291 440 4344 XIV.
461 4289 556 4343 Const
578 4287 709 4358 Quantas
726 4293 771 4345 26
790 4293 859 4358 Aug.
879 4293 955 4344 1741.

255 4359 277 4429 ⁴)
297 4360 379 4417 Cone.
400 4360 475 4415 Trid.
495 4359 568 4414 Sese
587 4363 630 4415 24.
649 4357 714 4428 Cap.
733 4365 758 4416 2
778 4361 811 4416 de
828 4361 890 4416 Rei.
