<?xml version="1.0" encoding="UTF-8"?>
<!DOCTYPE html PUBLIC "-//W3C//DTD XHTML 1.0 Transitional//EN"
    "http://www.w3.org/TR/xhtml1/DTD/xhtml1-transitional.dtd">
<html xmlns="http://www.w3.org/1999/xhtml" xml:lang="en" lang="en">
 <head>
  <title>
</title>
<meta http-equiv="Content-Type" content="text/html;charset=utf-8" />
  <meta name='ocr-system' content='tesseract 3.04.00' />
  <meta name='ocr-capabilities' content='ocr_page ocr_carea ocr_par ocr_line ocrx_word'/>
</head>
<body>
  <div class='ocr_page' id='page_1' title='image "./omniumconciliiv00martgoog_0170.png"; bbox 0 0 2872 4874; ppageno 0'>
   <div class='ocr_carea' id='block_1_1' title="bbox 510 334 751 381">
    <p class='ocr_par' dir='ltr' id='par_1_1' title="bbox 510 334 751 381">
     <span class='ocr_line' id='line_1_1' title="bbox 510 334 751 381; baseline 0 -2"><span class='ocrx_word' id='word_1_1' title='bbox 510 334 548 379; x_wconf 85' lang='lat' dir='ltr'>DE</span> <span class='ocrx_word' id='word_1_2' title='bbox 572 334 751 381; x_wconf 70' lang='lat' dir='ltr'>mammas.</span> 
     </span>
    </p>
   </div>
   <div class='ocr_carea' id='block_1_2' title="bbox 218 506 1054 587">
    <p class='ocr_par' dir='ltr' id='par_1_2' title="bbox 218 506 1054 587">
     <span class='ocr_line' id='line_1_2' title="bbox 218 506 1054 587; baseline 0.001 -16"><span class='ocrx_word' id='word_1_3' title='bbox 218 506 270 572; x_wconf 87' lang='lat' dir='ltr'>De</span> <span class='ocrx_word' id='word_1_4' title='bbox 294 507 504 587; x_wconf 68' lang='lat' dir='ltr'>›modificuodo</span> <span class='ocrx_word' id='word_1_5' title='bbox 528 506 797 571; x_wconf 73' lang='lat' dir='ltr'>clocidestmitotis</span> <span class='ocrx_word' id='word_1_6' title='bbox 821 507 1054 586; x_wconf 75' lang='lat' dir='ltr'>impedimento.</span> 
     </span>
    </p>
   </div>
   <div class='ocr_carea' id='block_1_3' title="bbox 22 664 1220 2133">
    <p class='ocr_par' dir='ltr' id='par_1_3' title="bbox 43 664 1215 1534">
     <span class='ocr_line' id='line_1_3' title="bbox 159 664 1214 746; baseline 0.002 -16"><span class='ocrx_word' id='word_1_7' title='bbox 159 664 190 730; x_wconf 85' lang='lat' dir='ltr'>Si</span> <span class='ocrx_word' id='word_1_8' title='bbox 212 664 271 730; x_wconf 91' lang='lat' dir='ltr'>boc</span> <span class='ocrx_word' id='word_1_9' title='bbox 292 665 552 746; x_wconf 77' lang='lat' dir='ltr'>impedimentum</span> <span class='ocrx_word' id='word_1_10' title='bbox 577 664 726 728; x_wconf 81' lang='lat' dir='ltr'><strong>dirimens</strong></span> <span class='ocrx_word' id='word_1_11' title='bbox 749 664 937 728; x_wconf 90' lang='lat' dir='ltr'>servandum</span> <span class='ocrx_word' id='word_1_12' title='bbox 958 665 1126 745; x_wconf 89' lang='lat' dir='ltr'>judicetur,</span> <span class='ocrx_word' id='word_1_13' title='bbox 1151 668 1214 732; x_wconf 89' lang='lat' dir='ltr'>sal-</span> 
     </span>
     <span class='ocr_line' id='line_1_4' title="bbox 48 752 1214 835; baseline 0.002 -19"><span class='ocrx_word' id='word_1_14' title='bbox 48 764 121 817; x_wconf 83' lang='lat' dir='ltr'>tem</span> <span class='ocrx_word' id='word_1_15' title='bbox 141 753 185 817; x_wconf 88' lang='lat' dir='ltr'>ita</span> <span class='ocrx_word' id='word_1_16' title='bbox 207 759 439 835; x_wconf 88' lang='lat' dir='ltr'>attemperetur</span> <span class='ocrx_word' id='word_1_17' title='bbox 462 752 598 816; x_wconf 89' lang='lat' dir='ltr'>conditio</span> <span class='ocrx_word' id='word_1_18' title='bbox 614 770 696 832; x_wconf 90' lang='lat' dir='ltr'>quae</span> <span class='ocrx_word' id='word_1_19' title='bbox 719 753 826 833; x_wconf 84' lang='lat' dir='ltr'>exigit,</span> <span class='ocrx_word' id='word_1_20' title='bbox 849 753 908 817; x_wconf 92' lang='lat' dir='ltr'>sub</span> <span class='ocrx_word' id='word_1_21' title='bbox 925 771 1025 834; x_wconf 89' lang='lat' dir='ltr'>poena</span> <span class='ocrx_word' id='word_1_22' title='bbox 1047 753 1214 834; x_wconf 89' lang='lat' dir='ltr'>nullitatis,</span> 
     </span>
     <span class='ocr_line' id='line_1_5' title="bbox 46 838 1213 924; baseline 0.002 -20"><span class='ocrx_word' id='word_1_23' title='bbox 46 841 266 923; x_wconf 78' lang='lat' dir='ltr'>praesentiam</span> <span class='ocrx_word' id='word_1_24' title='bbox 285 842 419 921; x_wconf 80' lang='lat' dir='ltr'>proprii</span> <span class='ocrx_word' id='word_1_25' title='bbox 442 840 616 904; x_wconf 90' lang='lat' dir='ltr'>sacerdotis</span> <span class='ocrx_word' id='word_1_26' title='bbox 647 838 803 904; x_wconf 83' lang='lat' dir='ltr'>exclusive</span> <span class='ocrx_word' id='word_1_27' title='bbox 826 840 866 904; x_wconf 90' lang='lat' dir='ltr'>ad</span> <span class='ocrx_word' id='word_1_28' title='bbox 890 841 994 919; x_wconf 89' lang='lat' dir='ltr'>alium,</span> <span class='ocrx_word' id='word_1_29' title='bbox 1027 842 1117 904; x_wconf 93' lang='lat' dir='ltr'>utin</span> <span class='ocrx_word' id='word_1_30' title='bbox 1140 860 1213 924; x_wconf 90' lang='lat' dir='ltr'>pos-</span> 
     </span>
     <span class='ocr_line' id='line_1_6' title="bbox 43 927 1211 1009; baseline 0.003 -18"><span class='ocrx_word' id='word_1_31' title='bbox 43 932 153 992; x_wconf 86' lang='lat' dir='ltr'>terum</span> <span class='ocrx_word' id='word_1_32' title='bbox 175 928 351 1009; x_wconf 81' lang='lat' dir='ltr'>gravissimi</span> <span class='ocrx_word' id='word_1_33' title='bbox 386 927 480 1008; x_wconf 87' lang='lat' dir='ltr'>hujus</span> <span class='ocrx_word' id='word_1_34' title='bbox 503 932 684 992; x_wconf 75' lang='lat' dir='ltr'>connectas</span> <span class='ocrx_word' id='word_1_35' title='bbox 708 933 741 992; x_wconf 94' lang='lat' dir='ltr'>et</span> <span class='ocrx_word' id='word_1_36' title='bbox 764 931 954 992; x_wconf 87' lang='lat' dir='ltr'>sacramenti</span> <span class='ocrx_word' id='word_1_37' title='bbox 976 928 1125 993; x_wconf 79' lang='lat' dir='ltr'>validitas</span> <span class='ocrx_word' id='word_1_38' title='bbox 1148 948 1211 995; x_wconf 93' lang='lat' dir='ltr'>non</span> 
     </span>
     <span class='ocr_line' id='line_1_7' title="bbox 46 1014 1213 1097; baseline 0.003 -18"><span class='ocrx_word' id='word_1_39' title='bbox 46 1014 228 1096; x_wconf 82' lang='lat' dir='ltr'>dependeat</span> <span class='ocrx_word' id='word_1_40' title='bbox 257 1033 296 1080; x_wconf 89' lang='lat' dir='ltr'>ex</span> <span class='ocrx_word' id='word_1_41' title='bbox 324 1021 390 1079; x_wconf 93' lang='lat' dir='ltr'>tam</span> <span class='ocrx_word' id='word_1_42' title='bbox 417 1014 563 1080; x_wconf 82' lang='lat' dir='ltr'>facilibus</span> <span class='ocrx_word' id='word_1_43' title='bbox 593 1015 755 1079; x_wconf 82' lang='lat' dir='ltr'>erroribus</span> <span class='ocrx_word' id='word_1_44' title='bbox 798 1016 852 1095; x_wconf 94' lang='lat' dir='ltr'>qui</span> <span class='ocrx_word' id='word_1_45' title='bbox 895 1019 977 1081; x_wconf 88' lang='lat' dir='ltr'>circa</span> <span class='ocrx_word' id='word_1_46' title='bbox 1013 1018 1213 1097; x_wconf 85' lang='lat' dir='ltr'>quaestiones</span> 
     </span>
     <span class='ocr_line' id='line_1_8' title="bbox 50 1101 1209 1186; baseline 0.003 -19"><span class='ocrx_word' id='word_1_47' title='bbox 50 1102 214 1180; x_wconf 74' lang='lat' dir='ltr'>domicilii,</span> <span class='ocrx_word' id='word_1_48' title='bbox 237 1121 275 1168; x_wconf 90' lang='lat' dir='ltr'>ac</span> <span class='ocrx_word' id='word_1_49' title='bbox 298 1109 526 1186; x_wconf 88' lang='lat' dir='ltr'>consequenter</span> <span class='ocrx_word' id='word_1_50' title='bbox 550 1104 632 1167; x_wconf 90' lang='lat' dir='ltr'>circa</span> <span class='ocrx_word' id='word_1_51' title='bbox 655 1101 841 1183; x_wconf 83' lang='lat' dir='ltr'>qualitatem</span> <span class='ocrx_word' id='word_1_52' title='bbox 860 1104 994 1184; x_wconf 79' lang='lat' dir='ltr'>proprii</span> <span class='ocrx_word' id='word_1_53' title='bbox 1025 1105 1209 1182; x_wconf 79' lang='lat' dir='ltr'>sacerdotis,</span> 
     </span>
     <span class='ocr_line' id='line_1_9' title="bbox 52 1187 1212 1273; baseline 0.003 -19"><span class='ocrx_word' id='word_1_54' title='bbox 52 1191 128 1254; x_wconf 80' lang='lat' dir='ltr'>oriri</span> <span class='ocrx_word' id='word_1_55' title='bbox 149 1198 181 1256; x_wconf 89' lang='lat' dir='ltr'>et</span> <span class='ocrx_word' id='word_1_56' title='bbox 196 1191 369 1272; x_wconf 86' lang='lat' dir='ltr'>subrepere</span> <span class='ocrx_word' id='word_1_57' title='bbox 384 1198 533 1273; x_wconf 89' lang='lat' dir='ltr'>possunt:</span> <span class='ocrx_word' id='word_1_58' title='bbox 557 1191 640 1254; x_wconf 91' lang='lat' dir='ltr'>unde</span> <span class='ocrx_word' id='word_1_59' title='bbox 656 1187 692 1254; x_wconf 88' lang='lat' dir='ltr'>fit</span> <span class='ocrx_word' id='word_1_60' title='bbox 707 1197 743 1255; x_wconf 89' lang='lat' dir='ltr'>ut</span> <span class='ocrx_word' id='word_1_61' title='bbox 765 1191 866 1255; x_wconf 88' lang='lat' dir='ltr'>multa</span> <span class='ocrx_word' id='word_1_62' title='bbox 881 1192 1090 1271; x_wconf 88' lang='lat' dir='ltr'>matrimonia,</span> <span class='ocrx_word' id='word_1_63' title='bbox 1116 1193 1212 1257; x_wconf 88' lang='lat' dir='ltr'>etiam</span> 
     </span>
     <span class='ocr_line' id='line_1_10' title="bbox 55 1277 1212 1361; baseline 0.004 -21"><span class='ocrx_word' id='word_1_64' title='bbox 55 1277 92 1341; x_wconf 87' lang='lat' dir='ltr'>in</span> <span class='ocrx_word' id='word_1_65' title='bbox 109 1277 183 1343; x_wconf 83' lang='lat' dir='ltr'>facie</span> <span class='ocrx_word' id='word_1_66' title='bbox 200 1279 365 1344; x_wconf 82' lang='lat' dir='ltr'>Ecclesiae</span> <span class='ocrx_word' id='word_1_67' title='bbox 388 1284 558 1356; x_wconf 88' lang='lat' dir='ltr'>contracta,</span> <span class='ocrx_word' id='word_1_68' title='bbox 583 1278 670 1342; x_wconf 86' lang='lat' dir='ltr'>nulla</span> <span class='ocrx_word' id='word_1_69' title='bbox 692 1279 766 1342; x_wconf 88' lang='lat' dir='ltr'>sint.</span> <span class='ocrx_word' id='word_1_70' title='bbox 812 1277 955 1345; x_wconf 78' lang='lat' dir='ltr'>Sufficiat</span> <span class='ocrx_word' id='word_1_71' title='bbox 978 1298 1052 1361; x_wconf 85' lang='lat' dir='ltr'>ergo</span> <span class='ocrx_word' id='word_1_72' title='bbox 1076 1281 1212 1361; x_wconf 85' lang='lat' dir='ltr'>exigere,</span> 
     </span>
     <span class='ocr_line' id='line_1_11' title="bbox 59 1365 1215 1448; baseline 0.004 -21"><span class='ocrx_word' id='word_1_73' title='bbox 59 1365 113 1429; x_wconf 87' lang='lat' dir='ltr'>sub</span> <span class='ocrx_word' id='word_1_74' title='bbox 133 1368 255 1448; x_wconf 87' lang='lat' dir='ltr'>peccati</span> <span class='ocrx_word' id='word_1_75' title='bbox 289 1373 322 1431; x_wconf 88' lang='lat' dir='ltr'>et</span> <span class='ocrx_word' id='word_1_76' title='bbox 345 1384 497 1431; x_wconf 88' lang='lat' dir='ltr'>censurae</span> <span class='ocrx_word' id='word_1_77' title='bbox 531 1385 641 1446; x_wconf 88' lang='lat' dir='ltr'>poena,</span> <span class='ocrx_word' id='word_1_78' title='bbox 675 1384 737 1430; x_wconf 92' lang='lat' dir='ltr'>non</span> <span class='ocrx_word' id='word_1_79' title='bbox 773 1372 879 1430; x_wconf 87' lang='lat' dir='ltr'>autem</span> <span class='ocrx_word' id='word_1_80' title='bbox 914 1386 986 1432; x_wconf 92' lang='lat' dir='ltr'>cum</span> <span class='ocrx_word' id='word_1_81' title='bbox 1022 1369 1215 1433; x_wconf 90' lang='lat' dir='ltr'>matrimonii</span> 
     </span>
     <span class='ocr_line' id='line_1_12' title="bbox 62 1452 1212 1534; baseline 0.002 -16"><span class='ocrx_word' id='word_1_82' title='bbox 62 1452 235 1534; x_wconf 71' lang='lat' dir='ltr'>laniatione,</span> <span class='ocrx_word' id='word_1_83' title='bbox 259 1459 296 1518; x_wconf 90' lang='lat' dir='ltr'>ut</span> <span class='ocrx_word' id='word_1_84' title='bbox 317 1455 423 1518; x_wconf 91' lang='lat' dir='ltr'>nullus</span> <span class='ocrx_word' id='word_1_85' title='bbox 454 1454 611 1532; x_wconf 86' lang='lat' dir='ltr'>sacerdos,</span> <span class='ocrx_word' id='word_1_86' title='bbox 640 1454 701 1517; x_wconf 90' lang='lat' dir='ltr'>nisi</span> <span class='ocrx_word' id='word_1_87' title='bbox 721 1455 890 1534; x_wconf 78' lang='lat' dir='ltr'>proprios,</span> <span class='ocrx_word' id='word_1_88' title='bbox 921 1462 977 1519; x_wconf 90' lang='lat' dir='ltr'>aut</span> <span class='ocrx_word' id='word_1_89' title='bbox 1005 1455 1045 1520; x_wconf 92' lang='lat' dir='ltr'>ab</span> <span class='ocrx_word' id='word_1_90' title='bbox 1070 1473 1107 1520; x_wconf 93' lang='lat' dir='ltr'>eo</span> <span class='ocrx_word' id='word_1_91' title='bbox 1131 1456 1212 1520; x_wconf 91' lang='lat' dir='ltr'>dele·</span> 
     </span>
    </p>

    <p class='ocr_par' dir='ltr' id='par_1_4' title="bbox 67 1539 811 1623">
     <span class='ocr_line' id='line_1_13' title="bbox 67 1539 811 1623; baseline -0.005 -15"><span class='ocrx_word' id='word_1_92' title='bbox 67 1545 152 1622; x_wconf 72' lang='lat' dir='ltr'>mbas,</span> <span class='ocrx_word' id='word_1_93' title='bbox 175 1542 410 1606; x_wconf 85' lang='lat' dir='ltr'>matrimonium</span> <span class='ocrx_word' id='word_1_94' title='bbox 434 1550 618 1623; x_wconf 85' lang='lat' dir='ltr'>praesumat</span> <span class='ocrx_word' id='word_1_95' title='bbox 642 1539 811 1606; x_wconf 86' lang='lat' dir='ltr'>celebrare.</span> 
     </span>
    </p>

    <p class='ocr_par' dir='ltr' id='par_1_5' title="bbox 73 1628 1220 1975">
     <span class='ocr_line' id='line_1_14' title="bbox 157 1628 1212 1711; baseline 0.002 -17"><span class='ocrx_word' id='word_1_96' title='bbox 157 1629 257 1695; x_wconf 83' lang='lat' dir='ltr'>Valde</span> <span class='ocrx_word' id='word_1_97' title='bbox 280 1631 377 1694; x_wconf 89' lang='lat' dir='ltr'>etiam</span> <span class='ocrx_word' id='word_1_98' title='bbox 393 1635 613 1711; x_wconf 87' lang='lat' dir='ltr'>opportunum,</span> <span class='ocrx_word' id='word_1_99' title='bbox 638 1635 672 1693; x_wconf 92' lang='lat' dir='ltr'>et</span> <span class='ocrx_word' id='word_1_100' title='bbox 686 1628 881 1709; x_wconf 84' lang='lat' dir='ltr'>benignitate</span> <span class='ocrx_word' id='word_1_101' title='bbox 898 1630 1060 1696; x_wconf 85' lang='lat' dir='ltr'>Ecclesiae</span> <span class='ocrx_word' id='word_1_102' title='bbox 1086 1633 1212 1696; x_wconf 90' lang='lat' dir='ltr'>omnino</span> 
     </span>
     <span class='ocr_line' id='line_1_15' title="bbox 74 1714 1220 1800; baseline 0.002 -19"><span class='ocrx_word' id='word_1_103' title='bbox 74 1715 179 1798; x_wconf 86' lang='lat' dir='ltr'>dignum</span> <span class='ocrx_word' id='word_1_104' title='bbox 202 1736 272 1783; x_wconf 91' lang='lat' dir='ltr'>esse</span> <span class='ocrx_word' id='word_1_105' title='bbox 294 1718 465 1797; x_wconf 89' lang='lat' dir='ltr'>videretur,</span> <span class='ocrx_word' id='word_1_106' title='bbox 489 1717 582 1781; x_wconf 91' lang='lat' dir='ltr'>simul</span> <span class='ocrx_word' id='word_1_107' title='bbox 605 1723 637 1781; x_wconf 93' lang='lat' dir='ltr'>et</span> <span class='ocrx_word' id='word_1_108' title='bbox 659 1717 756 1780; x_wconf 88' lang='lat' dir='ltr'>menti</span> <span class='ocrx_word' id='word_1_109' title='bbox 787 1714 917 1780; x_wconf 83' lang='lat' dir='ltr'>Concilii</span> <span class='ocrx_word' id='word_1_110' title='bbox 949 1717 1125 1782; x_wconf 88' lang='lat' dir='ltr'>Tridentini</span> <span class='ocrx_word' id='word_1_111' title='bbox 1158 1738 1220 1800; x_wconf 87' lang='lat' dir='ltr'>ap-.</span> 
     </span>
     <span class='ocr_line' id='line_1_16' title="bbox 73 1803 1211 1886; baseline 0.004 -20"><span class='ocrx_word' id='word_1_112' title='bbox 73 1803 150 1882; x_wconf 88' lang='lat' dir='ltr'>prime</span> <span class='ocrx_word' id='word_1_113' title='bbox 165 1824 345 1884; x_wconf 86' lang='lat' dir='ltr'>consonum,</span> <span class='ocrx_word' id='word_1_114' title='bbox 363 1811 399 1869; x_wconf 93' lang='lat' dir='ltr'>ut</span> <span class='ocrx_word' id='word_1_115' title='bbox 411 1805 611 1870; x_wconf 81' lang='lat' dir='ltr'>nmtrimonia</span> <span class='ocrx_word' id='word_1_116' title='bbox 622 1804 867 1886; x_wconf 88' lang='lat' dir='ltr'>protestantium</span> <span class='ocrx_word' id='word_1_117' title='bbox 883 1808 915 1867; x_wconf 90' lang='lat' dir='ltr'>et</span> <span class='ocrx_word' id='word_1_118' title='bbox 930 1804 1211 1885; x_wconf 87' lang='lat' dir='ltr'>schismaticorum,</span> 
     </span>
     <span class='ocr_line' id='line_1_17' title="bbox 75 1891 1213 1975; baseline 0.004 -20"><span class='ocrx_word' id='word_1_119' title='bbox 75 1893 281 1975; x_wconf 79' lang='lat' dir='ltr'>quorumnam</span> <span class='ocrx_word' id='word_1_120' title='bbox 305 1894 351 1958; x_wconf 92' lang='lat' dir='ltr'>ita</span> <span class='ocrx_word' id='word_1_121' title='bbox 374 1894 512 1958; x_wconf 87' lang='lat' dir='ltr'>excrevit</span> <span class='ocrx_word' id='word_1_122' title='bbox 533 1910 692 1970; x_wconf 90' lang='lat' dir='ltr'>numerus,</span> <span class='ocrx_word' id='word_1_123' title='bbox 717 1892 789 1956; x_wconf 91' lang='lat' dir='ltr'>huic</span> <span class='ocrx_word' id='word_1_124' title='bbox 804 1891 959 1956; x_wconf 89' lang='lat' dir='ltr'>nullitatis</span> <span class='ocrx_word' id='word_1_125' title='bbox 983 1911 1106 1972; x_wconf 87' lang='lat' dir='ltr'>causae,</span> <span class='ocrx_word' id='word_1_126' title='bbox 1131 1912 1213 1974; x_wconf 90' lang='lat' dir='ltr'>quae</span> 
     </span>
    </p>

    <p class='ocr_par' dir='ltr' id='par_1_6' title="bbox 22 1978 1213 2133">
     <span class='ocr_line' id='line_1_18' title="bbox 22 1978 1213 2128; baseline 0.001 -83"><span class='ocrx_word' id='word_1_127' title='bbox 22 1981 25 1986; x_wconf 88' lang='grc'><strong>’</strong></span> <span class='ocrx_word' id='word_1_128' title='bbox 77 1979 348 2128; x_wconf 50' lang='grc' dir='ltr'>θὶἰωρεᾱίιηεηῖο</span> <span class='ocrx_word' id='word_1_129' title='bbox 387 1981 650 2046; x_wconf 88' lang='lat' dir='ltr'>claudestiuitatis</span> <span class='ocrx_word' id='word_1_130' title='bbox 686 1981 832 2061; x_wconf 81' lang='lat' dir='ltr'>emergit,</span> <span class='ocrx_word' id='word_1_131' title='bbox 867 1978 978 2044; x_wconf 88' lang='lat' dir='ltr'>nullibi</span> <span class='ocrx_word' id='word_1_132' title='bbox 1008 1980 1075 2062; x_wconf 91' lang='lat' dir='ltr'>jam</span> <span class='ocrx_word' id='word_1_133' title='bbox 1109 1979 1213 2047; x_wconf 87' lang='lat' dir='ltr'>forent</span> 
     </span>
     <span class='ocr_line' id='line_1_19' title="bbox 77 2082 840 2133; baseline 0.012 -7"><span class='ocrx_word' id='word_1_134' title='bbox 77 2082 192 2133; x_wconf 87' lang='lat' dir='ltr'>onoxra.</span> <span class='ocrx_word' id='word_1_135' title='bbox 836 2109 840 2120; x_wconf 90' lang='lat'>·</span> 
     </span>
    </p>
   </div>
   <div class='ocr_carea' id='block_1_4' title="bbox 131 2258 1137 2445">
    <p class='ocr_par' dir='ltr' id='par_1_7' title="bbox 131 2258 1137 2445">
     <span class='ocr_line' id='line_1_20' title="bbox 131 2258 1137 2340; baseline -0.002 -16"><span class='ocrx_word' id='word_1_136' title='bbox 131 2261 276 2327; x_wconf 78' lang='lat' dir='ltr'>Lotiorcs</span> <span class='ocrx_word' id='word_1_137' title='bbox 297 2260 469 2340; x_wconf 70' lang='lat' dir='ltr'>sacerdotes</span> <span class='ocrx_word' id='word_1_138' title='bbox 492 2259 675 2340; x_wconf 80' lang='lat' dir='ltr'>Episcopis,</span> <span class='ocrx_word' id='word_1_139' title='bbox 700 2260 743 2323; x_wconf 84' lang='lat' dir='ltr'>od</span> <span class='ocrx_word' id='word_1_140' title='bbox 766 2258 1018 2339; x_wconf 73' lang='lat' dir='ltr'>dispensandum</span> <span class='ocrx_word' id='word_1_141' title='bbox 1040 2279 1137 2339; x_wconf 77' lang='lat' dir='ltr'>super</span> 
     </span>
     <span class='ocr_line' id='line_1_21' title="bbox 276 2363 989 2445; baseline 0 -18"><span class='ocrx_word' id='word_1_142' title='bbox 276 2365 512 2445; x_wconf 80' lang='lat' dir='ltr'>impedimentis</span> <span class='ocrx_word' id='word_1_143' title='bbox 534 2365 741 2442; x_wconf 84' lang='lat' dir='ltr'>matrimonii,</span> <span class='ocrx_word' id='word_1_144' title='bbox 766 2363 989 2429; x_wconf 81' lang='lat' dir='ltr'>concedemdoe.</span> 
     </span>
    </p>
   </div>
   <div class='ocr_carea' id='block_1_5' title="bbox 68 2503 1217 3114">
    <p class='ocr_par' dir='ltr' id='par_1_8' title="bbox 68 2503 1217 3114">
     <span class='ocr_line' id='line_1_22' title="bbox 155 2503 1217 2586; baseline -0.006 -15"><span class='ocrx_word' id='word_1_145' title='bbox 155 2505 340 2571; x_wconf 76' lang='lat' dir='ltr'>latissimae</span> <span class='ocrx_word' id='word_1_146' title='bbox 356 2503 524 2569; x_wconf 84' lang='lat' dir='ltr'>facultates</span> <span class='ocrx_word' id='word_1_147' title='bbox 547 2504 588 2568; x_wconf 88' lang='lat' dir='ltr'>ad</span> <span class='ocrx_word' id='word_1_148' title='bbox 604 2504 850 2585; x_wconf 90' lang='lat' dir='ltr'>dispensandum</span> <span class='ocrx_word' id='word_1_149' title='bbox 866 2522 961 2586; x_wconf 89' lang='lat' dir='ltr'>super</span> <span class='ocrx_word' id='word_1_150' title='bbox 977 2504 1217 2585; x_wconf 88' lang='lat' dir='ltr'>impedimentis</span> 
     </span>
     <span class='ocr_line' id='line_1_23' title="bbox 73 2588 1212 2673; baseline 0.004 -21"><span class='ocrx_word' id='word_1_151' title='bbox 73 2593 248 2671; x_wconf 79' lang='lat' dir='ltr'>natdmonii,</span> <span class='ocrx_word' id='word_1_152' title='bbox 284 2603 352 2657; x_wconf 91' lang='lat' dir='ltr'>tum</span> <span class='ocrx_word' id='word_1_153' title='bbox 384 2598 458 2656; x_wconf 88' lang='lat' dir='ltr'>aute</span> <span class='ocrx_word' id='word_1_154' title='bbox 493 2588 752 2672; x_wconf 84' lang='lat' dir='ltr'>celebrationem,</span> <span class='ocrx_word' id='word_1_155' title='bbox 784 2599 852 2656; x_wconf 91' lang='lat' dir='ltr'>tum</span> <span class='ocrx_word' id='word_1_156' title='bbox 882 2597 968 2673; x_wconf 91' lang='lat' dir='ltr'>post,</span> <span class='ocrx_word' id='word_1_157' title='bbox 1001 2597 1033 2657; x_wconf 90' lang='lat' dir='ltr'>et</span> <span class='ocrx_word' id='word_1_158' title='bbox 1061 2593 1155 2656; x_wconf 89' lang='lat' dir='ltr'>etiam</span> <span class='ocrx_word' id='word_1_159' title='bbox 1179 2593 1212 2656; x_wconf 93' lang='lat' dir='ltr'>in</span> 
     </span>
     <span class='ocr_line' id='line_1_24' title="bbox 72 2676 1211 2762; baseline 0.004 -22"><span class='ocrx_word' id='word_1_160' title='bbox 72 2676 162 2759; x_wconf 85' lang='lat' dir='ltr'>radice,</span> <span class='ocrx_word' id='word_1_161' title='bbox 187 2681 351 2762; x_wconf 84' lang='lat' dir='ltr'>Episcopis</span> <span class='ocrx_word' id='word_1_162' title='bbox 375 2679 518 2745; x_wconf 91' lang='lat' dir='ltr'>omnibus</span> <span class='ocrx_word' id='word_1_163' title='bbox 551 2680 783 2745; x_wconf 76' lang='lat' dir='ltr'>coricedantur:</span> <span class='ocrx_word' id='word_1_164' title='bbox 816 2681 899 2760; x_wconf 91' lang='lat' dir='ltr'>quod</span> <span class='ocrx_word' id='word_1_165' title='bbox 920 2698 985 2744; x_wconf 91' lang='lat' dir='ltr'>non</span> <span class='ocrx_word' id='word_1_166' title='bbox 1007 2698 1063 2761; x_wconf 88' lang='lat' dir='ltr'>per</span> <span class='ocrx_word' id='word_1_167' title='bbox 1085 2678 1211 2744; x_wconf 88' lang='lat' dir='ltr'>indulta</span> 
     </span>
     <span class='ocr_line' id='line_1_25' title="bbox 71 2765 1212 2849; baseline 0.003 -20"><span class='ocrx_word' id='word_1_168' title='bbox 71 2765 260 2848; x_wconf 81' lang='lat' dir='ltr'>temporanea,</span> <span class='ocrx_word' id='word_1_169' title='bbox 296 2769 353 2832; x_wconf 91' lang='lat' dir='ltr'>sed</span> <span class='ocrx_word' id='word_1_170' title='bbox 383 2786 441 2849; x_wconf 91' lang='lat' dir='ltr'>per</span> <span class='ocrx_word' id='word_1_171' title='bbox 474 2767 601 2832; x_wconf 90' lang='lat' dir='ltr'>modum</span> <span class='ocrx_word' id='word_1_172' title='bbox 632 2767 712 2847; x_wconf 91' lang='lat' dir='ltr'>juris</span> <span class='ocrx_word' id='word_1_173' title='bbox 735 2765 787 2830; x_wconf 90' lang='lat' dir='ltr'>fixi</span> <span class='ocrx_word' id='word_1_174' title='bbox 822 2772 855 2831; x_wconf 91' lang='lat' dir='ltr'>et</span> <span class='ocrx_word' id='word_1_175' title='bbox 885 2769 1098 2848; x_wconf 89' lang='lat' dir='ltr'>permanentis</span> <span class='ocrx_word' id='word_1_176' title='bbox 1132 2766 1212 2847; x_wconf 87' lang='lat' dir='ltr'>fieri,</span> 
     </span>
     <span class='ocr_line' id='line_1_26' title="bbox 71 2846 1212 2938; baseline 0 -20"><span class='ocrx_word' id='word_1_177' title='bbox 71 2846 182 2938; x_wconf 82' lang='lat' dir='ltr'>buigne</span> <span class='ocrx_word' id='word_1_178' title='bbox 205 2855 378 2922; x_wconf 88' lang='lat' dir='ltr'>concedere</span> <span class='ocrx_word' id='word_1_179' title='bbox 407 2855 555 2938; x_wconf 87' lang='lat' dir='ltr'>dignetur</span> <span class='ocrx_word' id='word_1_180' title='bbox 579 2856 609 2920; x_wconf 87' lang='lat' dir='ltr'>S.</span> <span class='ocrx_word' id='word_1_181' title='bbox 634 2853 787 2920; x_wconf 86' lang='lat' dir='ltr'>Pontifex.</span> <span class='ocrx_word' id='word_1_182' title='bbox 832 2854 911 2919; x_wconf 87' lang='lat' dir='ltr'>Illae</span> <span class='ocrx_word' id='word_1_183' title='bbox 938 2861 1046 2920; x_wconf 90' lang='lat' dir='ltr'>tamen</span> <span class='ocrx_word' id='word_1_184' title='bbox 1075 2855 1105 2921; x_wconf 87' lang='lat' dir='ltr'>S.</span> <span class='ocrx_word' id='word_1_185' title='bbox 1130 2856 1212 2920; x_wconf 92' lang='lat' dir='ltr'>Pon-</span> 
     </span>
     <span class='ocr_line' id='line_1_27' title="bbox 70 2935 1212 3026; baseline 0.004 -24"><span class='ocrx_word' id='word_1_186' title='bbox 70 2935 129 3006; x_wconf 87' lang='lat' dir='ltr'>tifici</span> <span class='ocrx_word' id='word_1_187' title='bbox 149 2962 273 3026; x_wconf 89' lang='lat' dir='ltr'>semper</span> <span class='ocrx_word' id='word_1_188' title='bbox 302 2949 482 3008; x_wconf 89' lang='lat' dir='ltr'>reservatae</span> <span class='ocrx_word' id='word_1_189' title='bbox 514 2947 663 3007; x_wconf 86' lang='lat' dir='ltr'>maneant</span> <span class='ocrx_word' id='word_1_190' title='bbox 693 2943 959 3025; x_wconf 88' lang='lat' dir='ltr'>dispensationes,</span> <span class='ocrx_word' id='word_1_191' title='bbox 983 2962 1065 3024; x_wconf 88' lang='lat' dir='ltr'>quae</span> <span class='ocrx_word' id='word_1_192' title='bbox 1087 2945 1212 3008; x_wconf 88' lang='lat' dir='ltr'>nonnisi</span> 
     </span>
     <span class='ocr_line' id='line_1_28' title="bbox 68 3029 913 3114; baseline 0.006 -25"><span class='ocrx_word' id='word_1_193' title='bbox 68 3040 124 3093; x_wconf 85' lang='lat' dir='ltr'>raro</span> <span class='ocrx_word' id='word_1_194' title='bbox 144 3040 176 3098; x_wconf 93' lang='lat' dir='ltr'>et</span> <span class='ocrx_word' id='word_1_195' title='bbox 197 3036 328 3114; x_wconf 88' lang='lat' dir='ltr'>propter</span> <span class='ocrx_word' id='word_1_196' title='bbox 350 3032 512 3113; x_wconf 81' lang='lat' dir='ltr'>graviores</span> <span class='ocrx_word' id='word_1_197' title='bbox 536 3048 650 3096; x_wconf 88' lang='lat' dir='ltr'>causas</span> <span class='ocrx_word' id='word_1_198' title='bbox 673 3029 744 3094; x_wconf 90' lang='lat' dir='ltr'>dari</span> <span class='ocrx_word' id='word_1_199' title='bbox 766 3029 880 3096; x_wconf 89' lang='lat' dir='ltr'>solent.</span> <span class='ocrx_word' id='word_1_200' title='bbox 888 3031 913 3113; x_wconf 87' lang='lat'>1)</span> 
     </span>
    </p>
   </div>
   <div class='ocr_carea' id='block_1_6' title="bbox 68 3145 258 3164">
    <p class='ocr_par' dir='ltr' id='par_1_9' title="bbox 68 3145 258 3164">
     <span class='ocr_line' id='line_1_29' title="bbox 68 3145 258 3164; baseline 0.005 -1"><span class='ocrx_word' id='word_1_201' title='bbox 68 3145 258 3164; x_wconf 43' lang='lat' dir='ltr'>NJ*—</span> 
     </span>
    </p>
   </div>
   <div class='ocr_carea' id='block_1_7' title="bbox 54 3219 1258 4417">
    <p class='ocr_par' dir='ltr' id='par_1_10' title="bbox 54 3219 1258 4417">
     <span class='ocr_line' id='line_1_30' title="bbox 154 3219 1210 3304; baseline 0 -27"><span class='ocrx_word' id='word_1_202' title='bbox 154 3226 215 3292; x_wconf 85' lang='lat' dir='ltr'>„An</span> <span class='ocrx_word' id='word_1_203' title='bbox 233 3221 377 3291; x_wconf 86' lang='lat' dir='ltr'>expediret</span> <span class='ocrx_word' id='word_1_204' title='bbox 396 3221 496 3276; x_wconf 86' lang='lat' dir='ltr'>tollere</span> <span class='ocrx_word' id='word_1_205' title='bbox 524 3222 616 3289; x_wconf 86' lang='lat' dir='ltr'>quarti</span> <span class='ocrx_word' id='word_1_206' title='bbox 633 3222 735 3290; x_wconf 80' lang='lat' dir='ltr'>gradus</span> <span class='ocrx_word' id='word_1_207' title='bbox 760 3219 937 3304; x_wconf 65' lang='lat' dir='ltr'>affinitatem,</span> <span class='ocrx_word' id='word_1_208' title='bbox 964 3228 992 3276; x_wconf 88' lang='lat' dir='ltr'>et</span> <span class='ocrx_word' id='word_1_209' title='bbox 1019 3223 1210 3304; x_wconf 79' lang='lat' dir='ltr'>¹consanguini-</span> 
     </span>
     <span class='ocr_line' id='line_1_31' title="bbox 67 3287 1210 3430; baseline 0 -83"><span class='ocrx_word' id='word_1_210' title='bbox 67 3287 903 3430; x_wconf 36' lang='lat' dir='ltr'>{iulffitincaeitfirganggggiiimeffisuffiritEvlrailgscogonisiaarffiurnrtatrs;</span> <span class='ocrx_word' id='word_1_211' title='bbox 929 3297 995 3345; x_wconf 87' lang='lat' dir='ltr'>rtem</span> <span class='ocrx_word' id='word_1_212' title='bbox 1017 3293 1210 3361; x_wconf 79' lang='lat' dir='ltr'>smpedimenta</span> 
     </span>
     <span class='ocr_line' id='line_1_32' title="bbox 152 3377 1208 3504; baseline -0.003 -16"><span class='ocrx_word' id='word_1_213' title='bbox 152 3433 278 3504; x_wconf 84' lang='lat' dir='ltr'>„Gradus</span> <span class='ocrx_word' id='word_1_214' title='bbox 299 3404 556 3501; x_wconf 75' lang='lat' dir='ltr'>consanguinitatis,</span> <span class='ocrx_word' id='word_1_215' title='bbox 571 3377 608 3486; x_wconf 59' lang='lat' dir='ltr'>1it</span> <span class='ocrx_word' id='word_1_216' title='bbox 625 3402 781 3500; x_wconf 59' lang='lat' dir='ltr'>affinitatis,</span> <span class='ocrx_word' id='word_1_217' title='bbox 811 3438 838 3486; x_wconf 89' lang='lat' dir='ltr'>et</span> <span class='ocrx_word' id='word_1_218' title='bbox 856 3433 1029 3500; x_wconf 82' lang='lat' dir='ltr'>cognationis</span> <span class='ocrx_word' id='word_1_219' title='bbox 1056 3433 1208 3501; x_wconf 87' lang='lat' dir='ltr'>spiritualis</span> 
     </span>
     <span class='ocr_line' id='line_1_33' title="bbox 63 3502 1258 3643; baseline -0.003 -85"><span class='ocrx_word' id='word_1_220' title='bbox 63 3505 162 3643; x_wconf 49' lang='lat' dir='ltr'>{ilisffit</span> <span class='ocrx_word' id='word_1_221' title='bbox 178 3504 274 3571; x_wconf 90' lang='lat' dir='ltr'>minui,</span> <span class='ocrx_word' id='word_1_222' title='bbox 298 3509 329 3556; x_wconf 92' lang='lat' dir='ltr'>ut</span> <span class='ocrx_word' id='word_1_223' title='bbox 352 3502 487 3557; x_wconf 87' lang='lat' dir='ltr'>tollantur</span> <span class='ocrx_word' id='word_1_224' title='bbox 510 3502 746 3571; x_wconf 88' lang='lat' dir='ltr'>dispensationum</span> <span class='ocrx_word' id='word_1_225' title='bbox 770 3503 894 3557; x_wconf 86' lang='lat' dir='ltr'>eausaa.“</span> <span class='ocrx_word' id='word_1_226' title='bbox 932 3502 1046 3569; x_wconf 85' lang='lat' dir='ltr'>(Postul.</span> <span class='ocrx_word' id='word_1_227' title='bbox 1070 3504 1209 3557; x_wconf 87' lang='lat' dir='ltr'>variorum</span> <span class='ocrx_word' id='word_1_228' title='bbox 1243 3552 1258 3583; x_wconf 36' lang='grc' dir='ltr'>ΙΙ</span> 
     </span>
     <span class='ocr_line' id='line_1_34' title="bbox 82 3581 1216 3716; baseline -0.004 -17"><span class='ocrx_word' id='word_1_229' title='bbox 82 3581 98 3634; x_wconf 64' lang='lat' dir='ltr'>p</span> <span class='ocrx_word' id='word_1_230' title='bbox 134 3615 228 3716; x_wconf 46' lang='lat' dir='ltr'>⁸„Neo</span> <span class='ocrx_word' id='word_1_231' title='bbox 253 3650 383 3711; x_wconf 88' lang='lat' dir='ltr'>quartus,</span> <span class='ocrx_word' id='word_1_232' title='bbox 411 3659 461 3697; x_wconf 90' lang='lat' dir='ltr'>nec</span> <span class='ocrx_word' id='word_1_233' title='bbox 486 3644 583 3698; x_wconf 88' lang='lat' dir='ltr'>tertius</span> <span class='ocrx_word' id='word_1_234' title='bbox 615 3643 700 3697; x_wconf 86' lang='lat' dir='ltr'>etiam</span> <span class='ocrx_word' id='word_1_235' title='bbox 727 3642 881 3711; x_wconf 84' lang='lat' dir='ltr'>affinitatis,</span> <span class='ocrx_word' id='word_1_236' title='bbox 909 3639 1216 3712; x_wconf 67' lang='lat' dir='ltr'>consanguinitatisque·</span> 
     </span>
     <span class='ocr_line' id='line_1_35' title="bbox 60 3710 1205 3783; baseline -0.003 -15"><span class='ocrx_word' id='word_1_237' title='bbox 60 3710 147 3768; x_wconf 81' lang='lat' dir='ltr'>traam</span> <span class='ocrx_word' id='word_1_238' title='bbox 169 3712 356 3769; x_wconf 88' lang='lat' dir='ltr'>contrahendo</span> <span class='ocrx_word' id='word_1_239' title='bbox 384 3713 454 3766; x_wconf 92' lang='lat' dir='ltr'>nibil</span> <span class='ocrx_word' id='word_1_240' title='bbox 479 3714 587 3767; x_wconf 90' lang='lat' dir='ltr'>obstent</span> <span class='ocrx_word' id='word_1_241' title='bbox 615 3714 794 3783; x_wconf 88' lang='lat' dir='ltr'>imposterum</span> <span class='ocrx_word' id='word_1_242' title='bbox 824 3713 945 3781; x_wconf 81' lang='lat' dir='ltr'>legitimo</span> <span class='ocrx_word' id='word_1_243' title='bbox 972 3712 1152 3767; x_wconf 89' lang='lat' dir='ltr'>matrimonio.</span> <span class='ocrx_word' id='word_1_244' title='bbox 1173 3741 1205 3750; x_wconf 94' lang='lat'><em>-</em></span> 
     </span>
     <span class='ocr_line' id='line_1_36' title="bbox 60 3773 1207 3854; baseline 0.001 -21"><span class='ocrx_word' id='word_1_245' title='bbox 60 3773 145 3853; x_wconf 70' lang='lat' dir='ltr'>,Nulla</span> <span class='ocrx_word' id='word_1_246' title='bbox 162 3786 246 3840; x_wconf 90' lang='lat' dir='ltr'>etiam</span> <span class='ocrx_word' id='word_1_247' title='bbox 265 3785 357 3838; x_wconf 88' lang='lat' dir='ltr'>obstet</span> <span class='ocrx_word' id='word_1_248' title='bbox 375 3784 561 3838; x_wconf 89' lang='lat' dir='ltr'>contrahendo</span> <span class='ocrx_word' id='word_1_249' title='bbox 580 3785 705 3851; x_wconf 78' lang='lat' dir='ltr'>cognmio</span> <span class='ocrx_word' id='word_1_250' title='bbox 724 3784 884 3854; x_wconf 87' lang='lat' dir='ltr'>spiritualis,</span> <span class='ocrx_word' id='word_1_251' title='bbox 898 3800 979 3851; x_wconf 91' lang='lat' dir='ltr'>quam</span> <span class='ocrx_word' id='word_1_252' title='bbox 998 3798 1068 3851; x_wconf 89' lang='lat' dir='ltr'>quae</span> <span class='ocrx_word' id='word_1_253' title='bbox 1087 3783 1207 3835; x_wconf 88' lang='lat' dir='ltr'>levatum</span> 
     </span>
     <span class='ocr_line' id='line_1_37' title="bbox 58 3851 1207 3921; baseline -0.003 -14"><span class='ocrx_word' id='word_1_254' title='bbox 58 3853 119 3907; x_wconf 70' lang='lat' dir='ltr'>ulter</span> <span class='ocrx_word' id='word_1_255' title='bbox 142 3862 171 3910; x_wconf 88' lang='lat' dir='ltr'>et</span> <span class='ocrx_word' id='word_1_256' title='bbox 197 3857 336 3909; x_wconf 75' lang='lat' dir='ltr'>levantem</span> <span class='ocrx_word' id='word_1_257' title='bbox 363 3854 477 3907; x_wconf 83' lang='lat' dir='ltr'>oritur.“</span> <span class='ocrx_word' id='word_1_258' title='bbox 498 3883 532 3892; x_wconf 92' lang='lat'>-</span> <span class='ocrx_word' id='word_1_259' title='bbox 555 3854 687 3908; x_wconf 89' lang='lat' dir='ltr'>Publicae</span> <span class='ocrx_word' id='word_1_260' title='bbox 711 3870 777 3909; x_wconf 86' lang='lat' dir='ltr'>vero</span> <span class='ocrx_word' id='word_1_261' title='bbox 804 3854 959 3908; x_wconf 87' lang='lat' dir='ltr'>honestatis</span> <span class='ocrx_word' id='word_1_262' title='bbox 983 3851 1207 3921; x_wconf 86' lang='lat' dir='ltr'>impedimentum</span> 
     </span>
     <span class='ocr_line' id='line_1_38' title="bbox 56 3916 1206 4066; baseline -0.004 -85"><span class='ocrx_word' id='word_1_263' title='bbox 56 3919 245 4066; x_wconf 54' lang='lat' dir='ltr'>fflffliotum</span> <span class='ocrx_word' id='word_1_264' title='bbox 264 3925 372 3980; x_wconf 89' lang='lat' dir='ltr'>omnino</span> <span class='ocrx_word' id='word_1_265' title='bbox 390 3924 570 3978; x_wconf 84' lang='lat' dir='ltr'>revocandum</span> <span class='ocrx_word' id='word_1_266' title='bbox 588 3925 623 3980; x_wconf 84' lang='lat' dir='ltr'>ab</span> <span class='ocrx_word' id='word_1_267' title='bbox 642 3925 780 3991; x_wconf 88' lang='lat' dir='ltr'>aliquibus</span> <span class='ocrx_word' id='word_1_268' title='bbox 797 3916 950 3981; x_wconf 80' lang='lat' dir='ltr'>censetur.“</span> <span class='ocrx_word' id='word_1_269' title='bbox 989 3923 1107 3990; x_wconf 85' lang='lat' dir='ltr'>(Postul.</span> <span class='ocrx_word' id='word_1_270' title='bbox 1122 3922 1206 3989; x_wconf 82' lang='lat' dir='ltr'>Regis</span> 
     </span>
     <span class='ocr_line' id='line_1_39' title="bbox 56 4062 1213 4189; baseline -0.003 -70"><span class='ocrx_word' id='word_1_271' title='bbox 56 4125 86 4189; x_wconf 53' lang='lat' dir='ltr'>(P</span> <span class='ocrx_word' id='word_1_272' title='bbox 150 4067 211 4136; x_wconf 86' lang='lat' dir='ltr'>,An</span> <span class='ocrx_word' id='word_1_273' title='bbox 229 4064 398 4149; x_wconf 78' lang='lat' dir='ltr'>moderanda</span> <span class='ocrx_word' id='word_1_274' title='bbox 416 4071 489 4119; x_wconf 88' lang='lat' dir='ltr'>esset</span> <span class='ocrx_word' id='word_1_275' title='bbox 513 4063 559 4118; x_wconf 90' lang='lat' dir='ltr'>lex</span> <span class='ocrx_word' id='word_1_276' title='bbox 588 4065 621 4119; x_wconf 89' lang='lat' dir='ltr'>de</span> <span class='ocrx_word' id='word_1_277' title='bbox 639 4073 764 4134; x_wconf 87' lang='lat' dir='ltr'>ternpore</span> <span class='ocrx_word' id='word_1_278' title='bbox 787 4081 839 4133; x_wconf 90' lang='lat' dir='ltr'>quo</span> <span class='ocrx_word' id='word_1_279' title='bbox 867 4064 982 4132; x_wconf 85' lang='lat' dir='ltr'>nuptiae</span> <span class='ocrx_word' id='word_1_280' title='bbox 1000 4062 1213 4133; x_wconf 33' lang='lat' dir='ltr'>prohibenturssv</span> 
     </span>
     <span class='ocr_line' id='line_1_40' title="bbox 87 4135 1206 4275; baseline -0.003 -15"><span class='ocrx_word' id='word_1_281' title='bbox 87 4135 408 4275; x_wconf 47' lang='lat' dir='ltr'>ontu1¹⁶)13ltiliiiriiarilimiln)</span> <span class='ocrx_word' id='word_1_282' title='bbox 425 4204 487 4259; x_wconf 88' lang='lat' dir='ltr'>toro</span> <span class='ocrx_word' id='word_1_283' title='bbox 512 4207 695 4260; x_wconf 85' lang='lat' dir='ltr'>conscientiae</span> <span class='ocrx_word' id='word_1_284' title='bbox 714 4207 834 4274; x_wconf 82' lang='lat' dir='ltr'>possint,</span> <span class='ocrx_word' id='word_1_285' title='bbox 859 4209 994 4260; x_wconf 87' lang='lat' dir='ltr'>annuente</span> <span class='ocrx_word' id='word_1_286' title='bbox 1014 4202 1041 4256; x_wconf 85' lang='lat' dir='ltr'>S.</span> <span class='ocrx_word' id='word_1_287' title='bbox 1060 4200 1206 4267; x_wconf 83' lang='lat' dir='ltr'>Pontifice,</span> 
     </span>
     <span class='ocr_line' id='line_1_41' title="bbox 54 4265 1215 4345; baseline -0.005 -13"><span class='ocrx_word' id='word_1_288' title='bbox 54 4265 205 4344; x_wconf 65' lang='lat' dir='ltr'>dispensam</span> <span class='ocrx_word' id='word_1_289' title='bbox 223 4291 307 4345; x_wconf 88' lang='lat' dir='ltr'>super</span> <span class='ocrx_word' id='word_1_290' title='bbox 325 4275 527 4343; x_wconf 85' lang='lat' dir='ltr'>impedimentis</span> <span class='ocrx_word' id='word_1_291' title='bbox 547 4277 660 4331; x_wconf 89' lang='lat' dir='ltr'>occultis</span> <span class='ocrx_word' id='word_1_292' title='bbox 678 4277 706 4330; x_wconf 92' lang='lat' dir='ltr'>in</span> <span class='ocrx_word' id='word_1_293' title='bbox 730 4291 814 4332; x_wconf 82' lang='lat' dir='ltr'>causa</span> <span class='ocrx_word' id='word_1_294' title='bbox 833 4272 1049 4330; x_wconf 86' lang='lat' dir='ltr'>matrimoniali.“</span> <span class='ocrx_word' id='word_1_295' title='bbox 1087 4271 1215 4341; x_wconf 61' lang='lat' dir='ltr'>(Ponant,</span> 
     </span>
     <span class='ocr_line' id='line_1_42' title="bbox 54 4345 533 4417; baseline 0.002 -18"><span class='ocrx_word' id='word_1_296' title='bbox 54 4346 142 4403; x_wconf 75' lang='lat' dir='ltr'>varior.</span> <span class='ocrx_word' id='word_1_297' title='bbox 160 4346 257 4417; x_wconf 74' lang='lat' dir='ltr'>Epist.</span> <span class='ocrx_word' id='word_1_298' title='bbox 275 4347 304 4400; x_wconf 90' lang='lat' dir='ltr'>in</span> <span class='ocrx_word' id='word_1_299' title='bbox 324 4345 425 4400; x_wconf 82' lang='lat' dir='ltr'>Concil.</span> <span class='ocrx_word' id='word_1_300' title='bbox 444 4345 533 4417; x_wconf 75' lang='lat' dir='ltr'>Tria)</span> 
     </span>
    </p>
   </div>
   <div class='ocr_carea' id='block_1_8' title="bbox 0 0 1440 4874">
    <p class='ocr_par' dir='ltr' id='par_1_11' title="bbox 0 0 1440 4874">
     <span class='ocr_line' id='line_1_43' title="bbox 0 0 1440 4874; baseline 0 10"><span class='ocrx_word' id='word_1_301' title='bbox 0 0 1440 4874; x_wconf 95' lang='lat' dir='ltr'> </span> 
     </span>
    </p>
   </div>
  </div>
 </body>
</html>
