2872 4874
713 340 882 390 rosulum

665 515 764 582 Ratio
782 515 950 597 postulati.

335 656 403 722 Hoc
424 657 695 738 impedimentum,
724 657 848 738 quando
860 657 1016 757 provenit
1044 675 1083 722 ex
1105 656 1307 756 sponsalibus
1328 675 1386 723 non

226 745 430 825 solemnibus,
454 745 675 826 probationem
698 762 793 826 saepe
817 763 878 810 nou
894 744 1042 825 admittit,
1066 745 1151 810 unde
1171 745 1290 826 Jurgia,
1313 744 1386 824 lites

228 831 394 898 nullitates
417 833 609 898 matrimonii
630 837 664 898 et
685 832 845 898 seandala

325 972 413 1037 Huic
429 972 645 1054 postulationi
666 973 926 1051 subscripserunt
949 978 993 1037 12
1018 971 1154 1040 Oonuilii
1176 973 1305 1038 Patres.
1408 1016 1423 1033 a

707 1203 917 1211 ..--——---—-„

715 1375 915 1440 Postulatum

229 1517 267 1578 ut
292 1513 444 1666 ΥιῖοΙΙαιιιῑ1
472 1514 726 1597 impedimentum
770 1516 1070 1598 consanguinitatis
1093 1522 1125 1582 et
1162 1513 1323 1582 aifimtatis
1357 1518 1402 1581 in

229 1619 292 1681 qua
324 1618 423 1683 ogra
446 1621 476 1666 u.

637 1759 794 1826 Rotunes
810 1759 977 1841 postulati.

338 1903 364 1963 l.
387 1898 456 1964 Non
473 1905 548 1964 sunt
570 1900 728 1965 seruanda
742 1900 967 1981 impedimenta
991 1919 1011 1965 a
1033 1900 1146 1982 quibus
1162 1919 1247 1967 nunu
1270 1914 1400 1985 semper

190 2006 195 2016 ’
229 1985 430 2068 dispensatur
451 1988 710 2069 quotiescumque
737 1993 917 2053 occurrunt.

335 2079 365 2142 2.
389 2073 438 2139 Ex
453 2073 515 2140 illis
528 2073 730 2157 frequentius
742 2076 886 2157 provenit
900 2074 1032 2141 nullitas
1053 2077 1249 2144 matrimonii
1263 2081 1388 2160 propter

228 2162 380 2243 majorem
403 2161 622 2228 difficultatem
644 2163 700 2227 illa
721 2164 911 2229 inveniendi.

327 2303 414 2368 Huic
431 2303 645 2382 postulationi
667 2304 926 2385 subscripserunt
948 2308 991 2368 13
1015 2261 1153 2370 Consilii
1175 2304 1302 2372 Patres.

705 2517 916 2526 Ἣ

710 2672 909 2738 Postulatum

229 2814 265 2875 ut
279 2810 411 2876 tollatur
426 2812 682 2894 impedimentum
699 2811 861 2879 affinitatis
876 2835 916 2879 en
933 2805 1057 2890 'illicito
1078 2815 1109 2879 in
1127 2815 1267 2880 seeundo
1282 2813 1381 2895 gradu

643 3003 797 3070 Rationes
812 3005 983 3086 postulati.

337 3149 366 3208 1.
389 3145 439 3209 Ab
462 3145 516 3210 illo
538 3145 777 3226 impedimento,
807 3147 1065 3228 quotiescumque
1088 3148 1233 3228 occurrit,
1267 3165 1391 3244 semper

228 3229 458 3384 ¹13)stesnesravateutrl,r
478 3237 511 3297 et
532 3251 596 3298 non
627 3233 754 3298 videtur
776 3235 966 3299 conveniens
996 3240 1033 3300 ut
1054 3239 1216 3300 statuatur
1237 3235 1289 3352 lex
1312 3253 1392 3317 quae

335 3411 365 3470 2.
388 3407 520 3474 Praeter
553 3409 730 3490 periculum
759 3408 916 3474 nullitatis
939 3409 1150 3490 Matrimonii,
1186 3375 1278 3475 adest
1312 3374 1426 3492 peri·¹

230 3492 336 3560 tulum
358 3493 505 3560 infamiae
528 3501 560 3562 et
583 3497 679 3562 etiam
702 3495 906 3562 revelationis
929 3497 1026 3579 sigilli
1049 3498 1304 3568 sacramentalis.

323 3630 409 3700 Huic
425 3636 640 3716 postulationi
661 3637 919 3718 subscripserunt
942 3642 984 3701 12
1009 3635 1145 3704 Consilii
1168 3610 1295 3705 Patres.
1354 3684 1357 3691 -
1389 3700 1392 3705 ,

712 4020 911 4086 Postulatum

82 4166 87 4173 ’
214 4122 265 4225 ιιι
286 4160 440 4226 Breviarii
466 4161 601 4227 Romani
623 4159 681 4225 fiat
707 4178 790 4225 nova
819 4160 983 4242 dispositio
1006 4162 1036 4225 iu
1062 4179 1142 4243 qua:
1181 4167 1207 4226 l.
1237 4167 1397 4243 quantum

228 4245 298 4314 lieri
311 4252 427 4330 potest,
451 4249 610 4314 ordinarie
625 4249 778 4314 recitetur
800 4254 903 4313 totum
919 4248 1106 4331 psalterium
1128 4249 1161 4313 in
1176 4248 1395 4318 hebdomada:

230 4339 259 4399 2.
282 4335 412 4407 brevius
435 4337 478 4401 sit
499 4334 643 4402 officium
666 4337 704 4401 iis
728 4334 839 4401 diebus
862 4337 975 4418 quibus
997 4336 1128 4418 parochi
1149 4339 1184 4402 et
1206 4333 1394 4403 mulessurii
