2872 4874
225 336 267 395 50
445 323 448 329 ’
505 347 627 396 sonum
651 346 895 396 consummaris
918 348 1108 397 meramors

223 488 306 552 libus
328 487 431 551 utitur
452 491 486 551 et
505 487 638 568 juvatur
659 490 822 566 tamquam
844 487 957 551 mediis
980 487 1022 551 ad
1038 487 1177 551 divinam
1200 505 1292 552 suam
1316 489 1392 552 mis·

223 576 343 641 sionem
376 573 611 654 adimplendam
645 578 678 638 et
711 574 752 638 ad
786 571 879 638 finem
913 575 973 640 sibi
1008 594 1028 639 a
1062 573 1187 639 Christo
1223 574 1393 640 Salvatore

222 662 420 744 propositum
443 661 685 741 assequendum.
725 661 775 726 Ad
797 662 880 726 hanc
902 662 985 726 enim
1009 681 1101 727 suam
1123 663 1306 727 missionem
1329 663 1393 728 Ec-

222 751 320 815 clesia
342 749 474 815 risibilis
498 767 537 813 ex
559 754 675 813 natura
691 767 750 813 sua
773 755 806 813 et
829 767 868 814 ex
883 749 991 814 divina
1013 751 1213 829 institutione
1228 751 1393 815 ministros

221 838 366 919 proprios
389 836 487 903 habet
509 855 548 902 ex
570 836 749 902 hominibus
772 843 953 918 assumptos
976 842 1009 902 et
1031 856 1088 917 pro
1112 838 1293 901 hominibus
1318 856 1394 903 con·

221 926 359 1004 stitutus,
394 924 449 1005 qui
480 942 544 988 nou
577 925 732 1005 potestati
761 925 917 989 saeculari
948 925 1154 999 subordinati,
1191 926 1248 990 sed
1280 926 1322 990 ab
1355 944 1395 990 ea

221 1012 470 1095 independentes
493 1013 593 1077 sacris
616 1013 799 1077 muneribus
821 1011 1010 1093 iungentum
1035 1017 1130 1093 atque
1145 1012 1216 1077 ideo
1236 1014 1311 1094 jure
1334 1031 1394 1078 suo

221 1100 369 1166 Ecclesia
391 1100 438 1164 eis
453 1100 615 1180 prospicit,
640 1104 677 1164 ut
696 1102 790 1181 juxta
812 1100 1043 1165 ordinationem
1060 1100 1195 1179 Domini,
1219 1101 1274 1180 qui
1298 1119 1395 1166 evan·

222 1188 340 1270 galium
356 1188 555 1262 annuntiant,
580 1187 618 1251 de
642 1187 807 1268 evangelio
822 1188 943 1252 vivant:
959 1191 982 1264 1)
1007 1188 1210 1269 ejusdemque
1226 1186 1395 1254 Ecclesiae

222 1277 304 1341 sicut
319 1273 455 1339 officium
470 1276 517 1340 ita
533 1275 695 1355 proprium
708 1274 760 1355 jus
776 1280 833 1354 est,
858 1274 1044 1356 providendi
1059 1283 1128 1339 tum
1148 1275 1253 1340 decori
1268 1279 1394 1341 externi

221 1363 317 1427 divini
341 1363 453 1441 cultus,
477 1369 546 1427 tum
568 1361 794 1444 multiplicibus
809 1363 1018 1444 indigentium
1042 1364 1253 1428 membrorum
1269 1363 1392 1428 Christi

115 1515 117 1518 .
213 1451 474 1530 necessitatibus,
498 1443 566 1514 tum
582 1449 662 1530 aliis,
685 1469 766 1532 quae
782 1457 961 1532 opportuna
972 1451 1174 1533 judicaverit,
1191 1451 1390 1516 christianae

220 1538 387 1603 charitatis
411 1543 444 1602 et
466 1539 596 1619 pietatis
620 1538 778 1618 operibus.
835 1537 894 1604 His
916 1556 991 1602 vero
1016 1539 1198 1603 muneribus
1221 1537 1391 1605 Ecclesiae

220 1631 317 1706 abque
341 1623 450 1691 officiis
473 1627 680 1706 exsequendis
704 1645 776 1690 cum
798 1626 972 1691 secundum
995 1626 1138 1691 ordinem
1168 1626 1294 1691 divinae
1317 1646 1392 1708 pro·

221 1714 379 1778 videntiae
393 1714 477 1778 bona
499 1714 690 1796 temporalia
705 1715 914 1791 subserviant,
938 1732 1014 1777 sane
1030 1714 1109 1778 illud
1129 1716 1182 1795 jus
1205 1715 1392 1795 acquirendi

221 1820 259 1866 ac
273 1801 454 1882 possidendi
469 1800 563 1867 titulo
578 1802 794 1882 proprietatis
821 1803 904 1882 quod
921 1819 1005 1865 mere
1021 1803 1166 1865 humanis
1181 1802 1389 1867 societatibus

220 1889 363 1970 legitime
391 1889 572 1954 constitutis
602 1898 783 1971 competere
807 1893 921 1971 potest,
956 1889 989 1953 in
1012 1889 1155 1953 Ecclesia
1186 1906 1251 1953 non
1275 1887 1388 1965 deficit,

221 1976 278 2042 sed
300 1977 334 2041 in
356 1993 406 2055 ea,
426 1981 463 2040 ut
484 1978 517 2041 in
540 1978 695 2041 societate
717 1978 866 2042 divinitus
891 1983 924 2041 et
946 1977 987 2041 ad
1011 1977 1157 2041 altiorem
1179 1974 1275 2041 finem
1297 1977 1384 2041 iusti·

221 2070 292 2129 tuta
314 2069 347 2129 et
370 2065 410 2129 ab
432 2065 572 2144 imperiis
595 2065 762 2129 mundanis
784 2063 1027 2146 independente,
1051 2066 1148 2129 etiam
1171 2064 1317 2129 sanctius
1337 2070 1385 2128 est

220 2171 257 2217 ac
288 2153 459 2233 superioris
495 2153 622 2231 ordinis,
657 2155 733 2233 quia
766 2154 848 2217 bona
877 2152 1058 2234 hujusmodi
1092 2154 1224 2234 mystico
1262 2151 1387 2233 corpori

220 2240 348 2319 Christi,
373 2244 406 2305 et
428 2258 486 2320 per
508 2238 570 2304 hoc
592 2240 653 2320 ipsi
676 2237 802 2304 Christo
825 2240 893 2304 Deo
917 2240 1085 2322 specialius
1109 2239 1212 2303 dicata
1235 2244 1320 2303 sunt.

326 2328 433 2405 Quare
449 2327 605 2406 docemus,
621 2326 792 2408 Ecclesiae,
815 2331 851 2391 ut
874 2329 1019 2392 societati
1035 2327 1151 2392 visibili
1175 2327 1280 2391 aDeo
1304 2327 1389 2392 iuter

220 2414 362 2480 homines
386 2415 588 2493 constitutae,
619 2416 673 2496 jus
696 2432 774 2494 esse,
810 2415 893 2479 bona
923 2415 1110 2495 temporalia
1140 2413 1328 2496 acquirendi
1359 2420 1391 2478 et

219 2502 411 2584 possidendi,
448 2503 632 2582 neque-hoc
661 2503 735 2584 jure
758 2520 829 2566 eam
857 2504 1009 2583 aquavis
1041 2509 1202 2584 potestate
1234 2501 1391 2566 saeculari

220 2591 338 2670 privari
359 2607 470 2670 posse,
505 2608 542 2654 ac
565 2595 735 2670 propterea
766 2591 946 2671 praedictos
970 2608 1096 2655 errores
1120 2590 1319 2668 damnamus,
1357 2595 1390 2653 et

220 2677 308 2758 leges
331 2677 446 2757 quibus
469 2683 571 2742 status
594 2677 743 2758 politicus
765 2683 919 2758 tanquam
935 2696 974 2742 ex
997 2695 1143 2758 supremo
1163 2678 1236 2758 jure
1258 2677 1320 2741 sibi
1344 2676 1391 2740 in-

219 2764 369 2828 haerente
392 2765 476 2829 bona
506 2765 719 2830 ecclesiastica
749 2769 890 2846 usurpat,
925 2765 1060 2845 injustas
1090 2764 1294 2846 spoliationes
1318 2782 1390 2829 esse

221 2852 432 2916 declaramus.

325 2939 414 3004 Haec
429 2946 513 3020 sunt,
537 2958 619 3021 quae
636 2940 812 3021 generatim
828 2940 930 3003 visum
945 2940 1043 3005 Nobis
1059 2944 1116 3017 est,
1143 2939 1262 3004 Christi
1278 2936 1390 3003 fideles

221 3027 306 3091 circa
328 3024 505 3092 Ecclesiam
528 3027 647 3092 Christi
670 3027 797 3106 docere;
831 3026 881 3091 his
904 3034 1011 3092 autem
1043 3029 1204 3092 contraria
1227 3027 1323 3091 certis
1357 3031 1391 3091 et

220 3115 356 3196 propriis
381 3114 561 3181 Curionibus
593 3116 626 3179 in
649 3115 810 3196 huncqui
838 3117 983 3195 sequitur
1004 3115 1132 3179 modum
1156 3116 1320 3193 damnare,
1356 3120 1393 3179 ut

220 3218 338 3280 omnes,
362 3202 534 3283 adjuvante
557 3202 685 3267 Christo
707 3202 782 3267 fidei
803 3202 916 3284 regula
936 3208 1072 3282 utentes,
1098 3202 1283 3267 catholicam
1307 3203 1392 3267 veri-

220 3293 321 3352 tatem
345 3289 469 3355 facilius
494 3308 666 3370 agnoscere
689 3296 721 3355 et
744 3296 854 3355 tenere
878 3291 1010 3371 possint.

330 3532 667 3600 pmmmmm
