2872 4874
447 327 488 372 oa
513 323 608 373 annos
631 324 823 373 meramors.
1173 312 1211 373 81

44 468 277 533 auctoritatem
304 466 338 531 in
361 465 455 530 rebus
484 463 561 532 fidei
582 472 614 529 ct
636 483 775 543 morom3
809 481 925 547 easque
947 465 1072 530 litteras
1095 466 1216 549 passim

45 573 108 636 per
132 555 242 620 domos
264 554 414 622 Patribus
437 553 578 619 exbiberi
601 551 853 619 subscribendas.

157 642 233 721 Nos,
257 642 447 708 Beatissimo
462 641 566 723 Pater,
589 642 644 723 qui
665 642 697 705 in
714 640 927 708 Orientalibus
951 642 1093 724 partibus
1117 641 1216 708 schis-

49 730 182 796 muticas
211 732 297 796 inter
318 738 352 795 et
377 730 554 796 haereticas
577 734 688 812 gentes
719 731 864 811 degimus
886 749 944 795 nec
971 731 1085 795 minori
1107 734 1216 795 tamen

51 836 150 900 quam
171 817 392 884 Occidentales
415 816 567 900 Episcopi
584 816 709 883 *affectu
731 824 764 883 et
792 818 959 884 deuotione
981 836 1058 901 erga
1081 819 1216 899 Aposto·
1259 876 1263 887 .

54 906 147 972 dcam
170 905 288 971 Sedem
319 906 527 984 devincimur3
559 906 695 970 maxime
724 925 799 971 vero
832 906 917 988 quod
941 906 981 972 ad
1013 924 1070 972 nos
1102 905 1217 972 attinet

55 1000 239 1076 exoptamus
272 999 309 1059 ut
338 994 502 1059 universus
528 992 642 1058 Oriens
672 1010 743 1058 cum
773 994 903 1076 reliquis
930 995 1075 1076 gentibus
1097 994 1130 1059 in
1159 993 1214 1073 Te,

58 1081 244 1148 Beatissimo
266 1081 369 1162 Pater,
404 1082 564 1165 respiciat,
594 1088 626 1146 et
649 1083 741 1148 unius
763 1081 854 1147 ovilis
877 1082 991 1148 Pastor
1013 1083 1103 1147 unice
1125 1080 1216 1147 Sum-

61 1189 127 1236 mus
148 1169 322 1251 aliquando
343 1170 412 1252 ipse
434 1168 501 1234 fias.

162 1257 247 1335 Quid
268 1257 310 1323 de
331 1259 474 1324 Rommm
496 1255 647 1323 Pontifice
670 1257 842 1323 tenendum
865 1258 907 1321 sit
921 1257 1106 1324 Florentino
1119 1256 1218 1340 Syno-

63 1344 125 1424 dus,
146 1344 278 1410 Graecis
293 1345 476 1427 Latinisque
500 1347 778 1424 consentientibus,
802 1352 879 1411 tunc
895 1352 1005 1412 sancte
1028 1353 1218 1428 opportune-

65 1450 119 1514 que
140 1434 284 1501 sancivit.

10 1594 12 1603 ,
160 1521 363 1604 Quapropter
386 1522 439 1601 Te,
471 1524 562 1605 cujus
596 1520 784 1603 sapientiam
806 1539 844 1584 ac
866 1520 1068 1601 prudentiam
1091 1539 1217 1604 semper

73 1611 266 1692 suspeximus,
288 1609 333 1676 Te
355 1628 438 1674 nunc
460 1611 551 1675 enixe
565 1627 714 1691 rogamus
737 1615 773 1673 ut
795 1607 935 1672 humeris
958 1610 1074 1674 nostris
1096 1611 1219 1692 majora

72 1696 174 1764 uiribus
205 1716 303 1764 onera
333 1698 451 1780 imponi
474 1703 506 1762 et
535 1698 675 1780 pericula
696 1698 779 1761 inter
809 1713 890 1777 quae
920 1713 1011 1762 sacro
1041 1697 1218 1765 ministerio

73 1783 216 1868 fungimur
248 1786 447 1869 gravioribus
479 1783 716 1850 difficultatibus
750 1783 902 1849 cumulari
935 1801 998 1848 non
1032 1785 1120 1864 uelis,
1156 1803 1218 1851 non

77 1873 197 1954 pateris,
218 1892 284 1940 non
307 1874 404 1941 sinas.

161 1963 203 2027 Et
225 1961 268 2026 ad
290 1962 387 2045 pedes
402 1961 490 2028 Tuae
506 1962 717 2028 Beatitudinis
734 1961 891 2042 provoluti
905 1977 965 2041 pro
979 1960 1071 2026 nobis
1086 1961 1219 2026 nostris·

83 2050 300 2201 ffissfessibus
333 2051 546 2132 apostolicam
579 2050 835 2116 Benedictionem
865 2057 1067 2130 peramanter
1099 2045 1218 2131 efflagi-

125 2156 169 2204 us.

244 2260 430 2328 Sanctitatis
454 2262 540 2327 Tuae
563 2261 649 2325 hmiri
674 2261 774 2327 obsriri
798 2260 902 2326 devini
925 2261 1009 2326 servi

166 2401 286 2466 Datum
308 2400 428 2467 &mae
452 2407 491 2468 18
515 2402 659 2467 ianuarii
686 2405 778 2468 1870.

83 2553 147 2624 Huic
155 2559 370 2640 postulationi
382 2560 645 2640 subscapseroat
660 2563 702 2622 17
720 2558 897 2624 Orteatultc
912 2559 1077 2626 Ecclesiae
1092 2559 1217 2626 Patres.

483 2961 671 3027 Beatissime
694 2960 804 3027 Pater!

166 3101 381 3167 Pervenemnt
405 3102 447 3167 ad
469 3120 527 3167 nos
549 3102 677 3167 litterae
699 3103 783 3184 typis
806 3102 988 3183 impressae,
1013 3103 1125 3183 quibus
1142 3102 1234 3169 Gon·

81 3182 134 3251 ,tilii
152 3191 292 3271 patribus
316 3190 541 3255 subscribenda
564 3189 730 3254 exhibetur
752 3191 864 3270 petitio
889 3189 1053 3271 aSynodo
1070 3189 1224 3258 Oecume·

88 3271 141 3366 lica
160 3275 315 3360 flagitans,
353 3285 389 3343 ut
413 3279 536 3343 sancire
558 3277 636 3343 velit
667 3297 858 3358 supremum,
893 3277 1023 3359 ideoque
1053 3277 1093 3342 ud
1116 3300 1225 3344 errore

88 3376 241 3442 tamquam,
279 3368 503 3432 auctoritatem
536 3365 668 3431 Romani
698 3365 859 3430 Pontificis
893 3366 926 3429 in
959 3365 1055 3429 rebus
1089 3364 1162 3432 fidei
1194 3375 1226 3433 et
1258 3398 1263 3404 ·

88 3461 195 3534 morum,
230 3454 405 3535 apostolica
434 3458 593 3535 potestate
626 3454 778 3517 universis
813 3452 957 3518 fidelibus
989 3455 1223 3534 praecipientis.

89 3529 182 3604 lirun
204 3547 290 3607 certe
321 3546 371 3606 est
392 3541 466 3607 fidei
493 3541 615 3622 judices
639 3541 775 3618 invitari,
801 3547 837 3606 ut
859 3545 933 3605 aute
957 3559 1085 3606 causam
1109 3542 1226 3607 dictam

90 3619 121 3772 (ἰὲ
136 3630 285 3696 sententia
314 3628 443 3695 ferenda
467 3629 712 3695 declarationem
742 3630 972 3710 subscriptione
995 3648 1053 3695 sue
1075 3631 1227 3696 munitam

92 3723 210 3782 terent.

172 3805 291 3871 Verum
313 3806 346 3869 in
362 3805 421 3871 hoc
443 3810 532 3870 tanto
548 3806 683 3886 negotio,
708 3805 752 3870 Te
766 3805 879 3888 ipsum,
903 3803 1107 3871 Sanctissime
1122 3805 1227 3885 Pater,

91 3883 248 3958 adeundum
280 3912 349 3962 esse
381 3893 569 3972 censuimus,
604 3895 720 3975 quippe
752 3894 806 3973 qui
838 3913 858 3958 a
887 3895 1020 3959 Domino
1053 3894 1094 3958 ad
1130 3911 1229 3975 agnos

91 3987 206 4061 Ovesque
230 3981 421 4064 pascendum
446 3983 635 4046 constitutus
659 3983 834 4045 animarum
858 3979 977 4046 Christi
998 3981 1159 4063 Sanguine
1183 4000 1231 4047 re·

91 4055 271 4148 dempturum
293 4070 464 4152 principem
487 4076 581 4150 atque
605 4070 776 4151 piissimam
801 4088 908 4134 curam
932 4069 1029 4133 habes
1054 4076 1086 4134 et
1107 4069 1230 4151 pericu-

90 4140 174 4220 lorum
195 4159 271 4240 ipsis
295 4158 524 4222 imminentium
549 4155 663 4222 affectu
686 4168 818 4238 paterno
842 4158 1028 4222 misereris·

177 4245 303 4310 Norunt
325 4247 533 4310 enimomnes
556 4251 589 4310 et
604 4246 809 4311 libentissime
832 4245 1028 4326 profitentur,
1052 4246 1137 4326 quod
1152 4246 1233 4310 sicut
1330 4260 1332 4265 ·

10 4388 12 4393 .
91 4336 185 4410 l(lullus
215 4334 335 4415 absque
366 4334 471 4416 capite
504 4334 648 4399 mutilum
681 4339 738 4413 est,
774 4335 818 4398 ita
851 4331 1027 4397 Concilium
1056 4333 1233 4400 Ecclesiam

132 4447 245 4507 Martln,
260 4455 415 4498 Documenta.
1116 4459 1133 4507 (j
