2872 4874
236 325 277 383 34
518 336 638 384 sonam
660 336 904 391 consrmurroms
927 339 1117 387 occultiora

237 477 353 542 saeculi
383 478 416 541 in
445 478 590 542 universo
621 477 738 542 mundo
766 485 799 542 et
827 497 865 542 ex
893 479 976 543 omni
1004 486 1152 544 creatura
1179 481 1399 563 colligendam,

184 578 186 582 “
235 565 418 644 docendam,
442 564 731 645 moderandamque
753 566 924 647 praecepit,
949 573 986 630 ut
1001 586 1065 632 una
1080 575 1164 632 esset
1179 586 1257 648 gens
1273 577 1397 651 sancta,

196 663 199 666 ’
234 657 320 718 unus
338 653 473 734 populus
496 653 708 734 acceptabilis
732 657 870 718 sectator
893 654 1046 719 bonorum
1069 673 1209 736 operum.
1225 661 1248 733 1)
1287 657 1400 740 Neque

235 742 317 805 enim
339 740 539 822 evangelicae
561 741 641 822 legis
664 760 703 805 ea
718 742 799 806 ratio
822 747 880 821 est,
905 748 941 805 ut
964 742 1091 807 excluso
1108 745 1218 824 quovis
1235 747 1399 810 societatis

233 828 356 894 vinculo
390 829 458 892 veri
492 829 678 893 adoratores
712 829 828 910 singuli
862 848 1003 894 seorsum
1037 830 1166 894 Patrem
1200 828 1334 898 adorent
1366 836 1400 899 in

233 917 347 998 spiritu
377 924 410 980 et
443 917 591 994 veritate3
630 917 686 981 sed
721 916 906 998 religionem
938 936 1026 982 suam
1058 920 1103 982 ita
1135 919 1278 984 societati
1308 940 1328 985 a
1363 940 1399 987 se

233 1006 400 1069 institutae
432 1004 648 1069 inhaerentem
679 1004 871 1085 Redemptor
902 1010 1012 1071 noster
1042 1006 1155 1085 voluit,
1191 1017 1226 1070 ut
1258 1027 1328 1072 cum
1361 1029 1400 1075 ea

233 1093 360 1173 penitus
388 1099 535 1158 conserta
562 1111 600 1156 ac
629 1092 727 1156 veluti
752 1098 903 1158 concreta
932 1100 1092 1174 maneret,
1127 1100 1160 1159 et
1190 1101 1280 1160 extra
1310 1096 1400 1162 illam

233 1199 310 1245 vera
333 1179 453 1245 Christi
475 1181 585 1262 religio
610 1179 697 1244 nulla
720 1186 811 1244 esset.

706 1353 843 1420 CAPUT
866 1354 921 1420 111.

288 1496 464 1561 Ecclesiam
488 1515 554 1561 esse
577 1497 754 1562 societatem
776 1517 893 1573 omont,
912 1497 1101 1577 perfectam,
1125 1495 1338 1578 spiritualem,

638 1591 668 1649 ct
688 1585 977 1664 serperaotorolem.

337 1725 494 1790 Docemus
517 1731 624 1788 autem
648 1744 686 1789 ac
719 1725 933 1803 declaramus,
966 1722 1127 1790 Ecclesiae
1155 1726 1259 1792 inesse
1287 1746 1399 1793 omnes

230 1832 324 1878 uerae
348 1813 510 1878 societatis
533 1813 712 1895 qualitates.
757 1810 867 1893 Neque
891 1813 1025 1877 societas
1053 1813 1131 1879 haec
1157 1813 1321 1879 indefinita
1345 1817 1397 1881 vel

231 1901 372 1967 informis
396 1895 421 1966 a‘
431 1900 558 1966 Christo
581 1900 691 1966 relicta
714 1905 776 1977 est,
800 1901 864 1965 sed·
879 1901 1141 1981 quemadmodum
1164 1904 1204 1966 ab
1220 1890 1289 1984 ips‘o
1303 1921 1396 1968 suam

231 1991 447 2055 exsistentiam
482 1989 597 2056 habet:
621 1988 667 2053 ita
697 1988 837 2072 ejusdem
867 1989 1032 2054 voluntate
1062 2008 1099 2054 ac
1125 1989 1209 2068 lege
1224 2009 1313 2057 suam
1340 2009 1393 2056 ex-

231 2079 363 2144 sistendi
388 2077 520 2143 formam
536 2094 689 2157 suamque
705 2076 960 2141 constitutionem
983 2079 1113 2158 accepit.
1154 2077 1262 2160 Neque
1285 2078 1396 2143 eadem

230 2167 405 2232 membrum
430 2170 479 2230 est
502 2167 567 2230 sire
590 2182 664 2246 pars
688 2164 820 2229 alterius
843 2164 1011 2244 quuslibet
1034 2166 1211 2245 societatis,
1241 2185 1300 2231 nec
1324 2185 1398 2232 cum

231 2255 295 2320 alia
325 2255 436 2336 quavis
460 2252 591 2318 contusa
615 2258 671 2316 aut
694 2252 938 2329 commiscenda
972 2253 1028 2333 scd
1054 2253 1132 2318 adeo
1162 2255 1194 2318 in
1223 2256 1399 2336 semetipsa

228 2341 379 2424 perlecta,
393 2349 430 2406 ut
453 2341 527 2404 dum
552 2342 592 2405 ab
617 2341 761 2405 omnibus
784 2339 931 2404 humanis
955 2340 1160 2406 societatibus
1178 2342 1396 2424 distinguitur,

230 2449 326 2512 supra
350 2448 403 2495 eas
426 2435 533 2493 tamen
555 2447 650 2510 quam
673 2429 805 2492 manime
822 2427 986 2494 evehatur.
1034 2428 1081 2492 Ab
1097 2429 1286 2494 inexhausto
1310 2432 1396 2496 enim

229 2517 462 2601 misericordiae
489 2517 549 2582 Dei
578 2516 682 2581 Patris
714 2515 800 2581 fonte
828 2514 987 2596 profecta,
1020 2536 1077 2599 per
1107 2518 1265 2583 incarnati
1294 2519 1398 2600 ipsius

231 2606 328 2671 Verbi
350 2606 558 2670 ministerium
581 2623 771 2686 operamque
794 2601 941 2683 fundata,
976 2607 1008 2669 in
1033 2604 1153 2686 Spiritu
1184 2611 1294 2671 sancto
1323 2625 1397 2672 con·

230 2696 344 2759 stituta
368 2701 426 2773 est,
451 2693 553 2775 quiin
569 2692 738 2773 Apostolos
762 2692 898 2772 primum
920 2690 1099 2774 largissime
1117 2691 1241 2772 effusus,
1267 2695 1396 2759 abunde

229 2784 329 2848 etiam
360 2783 479 2864 jugiter
502 2777 686 2845 diffunditur
708 2782 741 2844 in
764 2779 844 2844 filios
867 2779 1062 2860 adoptionis,
1094 2787 1130 2845 ut
1158 2781 1253 2845 iidem
1275 2782 1396 2847 lumine

229 2873 296 2953 ejus
321 2871 497 2937 collustrati
527 2888 592 2934 una
614 2870 767 2933 mentium
790 2865 852 2932 fide
882 2874 915 2931 et
937 2868 1004 2933 Deo
1029 2869 1226 2934 adhaereant
1257 2880 1289 2934 et
1312 2871 1396 2935 inter

228 2979 262 3025 se
284 2959 489 3035 cohaereant3
519 2963 555 3022 ut
578 2957 691 3039 pignus
714 2955 921 3021 haereditatis
943 2958 975 3021 in
999 2956 1144 3022 cordibus
1168 2957 1233 3020 suis
1257 2957 1394 3022 circum-

134 3077 136 3080 <
228 3048 380 3128 terentes,
407 3046 509 3111 carnis
525 3045 691 3110 desideria
714 3045 753 3109 ab
778 3044 857 3124 ejuS,
890 3045 1026 3124 quaein
1048 3044 1165 3109 mundo
1183 3050 1250 3122 est,
1280 3063 1395 3110 concu-

230 3136 400 3217 piscentiae
424 3133 626 3215 corruptione
649 3131 803 3210 avellant,
832 3137 866 3196 et
888 3133 982 3195 beata
1008 3151 1073 3196 una
1095 3133 1313 3212 communique
1336 3151 1393 3216 spe

229 3223 362 3304 firmati,
392 3222 616 3302 concupiscant
638 3220 825 3300 promissam
849 3224 1011 3282 aeternam
1034 3219 1094 3284 Dei
1117 3219 1266 3301 gloriam,
1296 3227 1392 3300 atque

229 3314 308 3378 adeo
342 3330 399 3392 per
430 3312 513 3374 bona
544 3327 640 3389 opera
671 3312 790 3372 certam
818 3325 906 3371 suam
930 3308 1127 3372 vocationem
1151 3312 1184 3371 et
1207 3307 1391 3372 electionem

226 3401 351 3466 iaciant.
364 3403 391 3478 2)
428 3397 532 3475 Quum
548 3402 653 3461 autem
673 3396 721 3460 his
737 3396 891 3461 bonorum
908 3394 1025 3460 divitiis
1040 3395 1074 3459 in
1088 3394 1233 3460 Ecclesia
1248 3394 1390 3461 homines

225 3487 462 3570 perspiritum
492 3490 637 3549 sanctum
672 3489 860 3563 augeantur,
897 3487 994 3563 atque
1024 3483 1073 3546 his
1111 3484 1250 3564 ejusdem
1286 3486 1390 3548 sancti

226 3575 362 3658 Spiritus
386 3575 517 3638 nexibus
539 3573 572 3636 in
595 3573 716 3636 unitate
733 3569 938 3636 cohaereant:
963 3570 1103 3635 Ecclesia
1118 3572 1187 3652 ipsa
1211 3571 1388 3652 spiritualis

226 3666 360 3731 societas
384 3667 441 3741 est,
466 3666 562 3741 atque
585 3660 702 3725 ordinis
726 3660 852 3723 omnino
875 3658 1132 3743 supernaturalis.

698 3850 833 3916 CAPUT
856 3852 911 3918 IV.

473 3994 650 4058 Ecclesiam
674 4014 740 4058 esse
762 3993 942 4057 societatem
966 3992 1133 4056 oisc'bilem.
1163 3971 1166 3974 ’
1257 4004 1259 4009 ’

346 4137 437 4202 Absit
458 4143 575 4217 tamen,
607 4140 643 4199 ut
665 4135 736 4215 quis
763 4133 885 4218 credat,
908 4132 1071 4198 Ecclesiae
1097 4131 1237 4198 membra
1265 4133 1389 4197 nonnisi

223 4228 357 4293 internis
380 4243 418 4306 ac
440 4224 611 4292 latentibus
626 4223 758 4289 vinculis
779 4223 877 4303 jungi,
903 4227 935 4287 et
957 4221 1098 4286 abditam
1113 4220 1187 4284 inde
1201 4220 1386 4284 societatem

334 4338 357 4435 q*
371 4337 463 4433 upra
483 4366 518 4419 aa
537 4365 589 4417 nt.
610 4365 644 4419 n.
665 4367 706 4416 14.
776 4366 802 4430 e,
822 4361 873 4428 sp,
894 4362 927 4414 u.
948 4362 971 4414 u.
991 4337 1163 4428 ruenni.
1184 4362 1226 4416 10.
