2872 4874
733 353 903 402 coutuntur

792 562 831 631 11.

527 700 654 769 Goaero
676 702 849 768 oriciorum
872 702 1108 769 connubiorum.

336 844 410 910 lam
424 861 500 910 vero
515 843 694 909 intueamur
708 848 835 925 oportet
850 842 976 909 diversa
994 843 1268 910 matrimoniorum
1281 843 1373 909 horon

233 950 360 1014 genera,
384 948 447 1014 quo
469 929 593 996 facilius
624 931 779 1013 quaedam
801 930 944 996 remedia
973 938 1046 997 cont
1048 949 1084 996 ra
1032 930 1225 997 tmolum
1253 935 1373 996 statuere

233 1019 325 1086 nohis
348 1020 520 1102 contegat.

341 1112 369 1174 1.
394 1105 635 1173 concluduntur
662 1106 746 1188 apud
776 1122 834 1171 nos
857 1106 944 1189 (raro
970 1111 1078 1171 tamen
1109 1105 1373 1189 exemplo)mirta

233 1195 448 1266 ιιιιιιιιιιιιι,
476 1211 610 1276 quorum
632 1212 696 1259 una
718 1192 860 1259 alterave
883 1194 1051 1276 conjugum
1074 1209 1150 1276 pars
1171 1193 1374 1276 ιιιιιιιιιιιιιιιιι

233 1280 401 1365 ιίιιιιιιιι
424 1281 577 1349 obstricta
600 1286 658 1360 est
682 1282 749 1346 sive
771 1281 820 1346 vir
843 1280 1040 1347 acatholicus
1062 1281 1188 1347 vivente
1210 1281 1313 1347 adhuc
1331 1296 1375 1348 ιιι

233 1386 330 1435 uxore
360 1387 430 1436 cnm
453 1368 517 1435 alia
548 1369 702 1435 catholica
724 1368 828 1435 libera
857 1369 1091 1435 matrimonium
1114 1368 1165 1434 vel
1193 1370 1300 1452 potius
1320 1386 1377 1436 oon

232 1456 415 1523 cubinatum
439 1457 652 1524 adulterinum
674 1458 771 1537 ineat,
796 1457 863 1523 sive
879 1456 991 1522 mulier
1013 1455 1200 1538 acatholica,
1223 1457 1377 1540 superstit

233 1543 336 1610 adhuc
358 1562 415 1612 suo
440 1545 543 1629 primo
577 1546 706 1626 marito,
740 1545 809 1610 viro
841 1543 997 1610 catholico
1025 1544 1178 1626 nupserit
1231 1542 1379 1626 njuemod

233 1632 380 1713 conjuges
413 1650 520 1700 coram
552 1633 696 1699 ministro
728 1631 900 1698 acatholico
934 1631 1084 1698 adulterii
1116 1632 1166 1697 sui
1199 1633 1378 1699 ιιιιιιιιιι
1419 1690 1423 1695 .

232 1719 417 1804 plerumque
438 1721 558 1798 ineunt,
582 1721 616 1786 ιι
635 1720 704 1803 jugi
719 1720 877 1785 adulterio
899 1718 1090 1799 cohabitant
1114 1718 1234 1786 liberos
1249 1736 1323 1787 suos
1341 1715 1381 1785 tal

233 1807 302 1873 sine
323 1809 476 1892 religione
505 1807 557 1874 vel
585 1808 620 1873 in
640 1808 901 1892 protestantismo
930 1807 1079 1875 educant
1132 1807 1217 1886 Quid
1250 1808 1292 1879 ad
1314 1824 1382 1874 ocur

233 1895 432 1977 primendum
454 1896 640 1964 scandalum
663 1901 736 1962 cont
737 1915 775 1962 ra
722 1894 985 1961 tcotholicora
999 1895 1154 1999 ejusmodi
1177 1894 1383 1978 conjugiorum

230 1989 357 2063 ιιιιιιι
379 1985 445 2053 sive
467 1985 516 2050 ιιι
537 1983 605 2048 sive
627 1983 741 2050 mulier
762 1984 805 2049 sit
826 1982 974 2049 catholici
1000 1983 1143 2063 nominis,
1166 1981 1384 2050 semmuro

232 2072 424 2139 auctoritate
437 2071 679 2140 decernendum
710 2076 743 2137 et
764 2069 1005 2172 exequendum?
1049 2069 1133 2136 Sane
1159 2069 1314 2136 solemnis
1340 2088 1383 2137 ιι·

232 2161 524 2227 communicationis
554 2177 659 2241 poena
685 2159 840 2242 ejusmodi
871 2159 1021 2242 conjuges
1050 2157 1195 2224 catholici
1217 2157 1380 2225 mulctandi

232 2252 315 2313 sust.
364 2247 428 2315 Sed
463 2248 601 2314 uivema
620 2253 670 2312 ιιι
699 2246 960 2347 Episcoporum
951 2263 985 2311 ιι
1008 2264 1046 2312 eo
1068 2246 1190 2328 praxis,
1221 2251 1258 2311 et
1279 2242 1379 2313 mnos-

232 2334 325 2400 mitas
349 2337 465 2418 agendi
493 2352 649 2418 perquam
670 2335 851 2400 necessaria
874 2338 971 2414 esset,
1003 2338 1171 2400 utcontra
1194 2339 1384 2400 mammaea

232 2422 309 2487 ordo
333 2421 494 2490 Ecclesiae
517 2423 638 2488 servari
661 2421 771 2503 possit

339 2515 366 2574 ι.
400 2508 482 2576 Sunt
503 2510 600 2575 etiam
615 2508 761 2575 catholici
783 2509 890 2590 sponsi
912 2510 1078 2591 utriusque
1092 2525 1195 2589 sexus,
1220 2508 1276 2592 qni
1299 2508 1389 2575 mixta

232 2596 433 2663 matrimonia
461 2597 574 2663 ineunt
595 2597 664 2662 sine
684 2597 824 2678 praecio
852 2595 1092 2678 dispensatione
1114 2614 1225 2660 coram
1246 2596 1391 2663 miraeo

212 2687 214 2690 ’
224 2685 458 2765 protestantico
480 2685 539 2750 sub
562 2683 729 2750 manifesto
749 2684 920 2766 potestatis
942 2682 1177 2751 ecclesiasticae
1200 2687 1391 2767 centempm

232 2769 397 2851 Ejusmodi
419 2774 569 2856 conjuges
593 2789 702 2839 omnes
724 2790 763 2838 ex
785 2772 983 2838 matrimonio
1006 2790 1063 2837 suo
1087 2771 1265 2837 exoriturae
1283 2768 1393 2853 prote

232 2857 290 2923 abs
321 2859 465 2927 ministro
498 2860 672 2927 acatholico
703 2858 866 2942 mazara·
892 2865 926 2925 et
958 2861 994 2924 io
1021 2858 1214 2925 heterodoeo
1241 2858 1393 2943 relicinae

232 2945 364 3011 edoceri
387 2949 580 3030 permittant
612 2947 663 3014 vel
693 2952 819 3026 curant3
849 2945 951 3013 officia
974 2946 1059 3013 ¹dein
1089 2945 1252 3028 religionis
1285 2945 1393 3028 cuique

231 3033 349 3100 homini
371 3035 523 3102 eathohco
546 3054 640 3103 sacra
662 3041 695 3101 et
709 3034 875 3101 Ecclesiae
896 3035 1095 3117 praescripta
1110 3032 1277 3116 negligunt
1300 3038 1395 3115 atque

232 3137 289 3186 nec
310 3122 481 3189 catholicos
503 3141 562 3189 nec
582 3127 808 3206 protestantes,
832 3121 888 3188 sed
910 3122 994 3186 omni
1016 3121 1170 3204 rehgione
1191 3125 1345 3187 extorres
1359 3137 1392 3186 sc

232 3225 303 3274 esse
323 3210 430 3276 verbis
459 3215 493 3277 et
514 3210 609 3276 lactis
632 3209 830 3292 profitentur.
882 3210 1033 3275 Attamen
1055 3210 1232 3290 Apostatae
1254 3209 1312 3274 isti
1334 3208 1393 3274 lle-

232 3295 348 3362 clesiae
369 3298 553 3365 solemniter
575 3298 760 3364 renuntiare
790 3316 849 3363 nec
870 3297 981 3363 volunt
1003 3315 1062 3363 nec
1084 3296 1220 3375 audent,
1256 3296 1395 3376 qmnimo

231 3383 259 3448 si
280 3402 366 3450 mors
390 3387 435 3453 eis
459 3386 685 3469 supervenerit,
710 3385 846 3469 proximi
867 3385 993 3467 cognati
1016 3383 1271 3466 sepulturamet
1294 3380 1397 3450 ortuo

232 3471 394 3539 ecclesiast
380 3473 443 3540 tica
465 3492 524 3556 pro
546 3473 680 3540 mortuis
703 3473 906 3538 vehementer
927 3472 1140 3554 expostulant,
1164 3470 1250 3553 quod
1272 3487 1397 3553 semper

231 3561 354 3626 nonnisi
376 3567 547 3642 provocato
570 3561 705 3627 monimo
735 3559 887 3626 seandalo
910 3559 1081 3641 odioque
1072 3578 1106 3624 ιι
1129 3558 1257 3624 (ilerum
1279 3563 1315 3623 ιι
1336 3557 1396 3623 Ec·

232 3646 360 3714 alasiam
395 3650 472 3731 ipsis
501 3649 687 3732 denegatur.
744 3648 782 3713 In
811 3647 997 3714 Alemauica
1025 3653 1137 3712 nostra
1166 3645 1332 3725 Helvetia,
1366 3647 1397 3710 ιι

231 3731 431 3818 Sangallensi
453 3736 602 3802 nimirum
629 3741 663 3802 et
684 3735 861 3801 Basileensi
884 3735 1098 3814 Dioecesibus,
1122 3733 1216 3816 plura
1237 3732 1395 3814 ejusmodi

232 3823 389 3889 connubia
411 3825 534 3908 passim-
554 3825 705 3904 esistunt,
735 3824 801 3889 siva
823 3824 987 3888 maritus'
978 3841 1011 3888 ιι
1034 3823 1072 3887 iis
1098 3822 1141 3887 sit
1127 3820 1342 3887 tcathelicus
1365 3825 1397 3886 ιι

231 3909 345 3976 mulier
366 3911 581 3977 acatholica
556 3930 621 3976 sive
637 3912 808 3977 viceversa.
844 3909 887 3974 ut
903 3912 943 3976 ob
958 3909 1209 3992 praecavendum
1224 3909 1395 3974 maximum

230 3997 398 4079 impiorum
422 3999 599 4064 tumultum·
608 3998 758 4081 Episcopi
780 3998 950 4064 hodiedum
966 3997 1099 4063 necdum
1123 3998 1192 4061 ansi
1214 3999 1290 4061 sunt
1312 3994 1394 4061 terre

231 4085 264 4150 in
287 4086 472 4153 cathohcam
494 4087 648 4169 eiusmodi
669 4086 860 4154 matrimonii
883 4091 1009 4166 partem
1024 4082 1196 4149 solemnem
1218 4098 1395 4148 encommu

230 4173 397 4239 nicationis
432 4175 636 4252 seutentiam3
660 4173 744 4255 quod
774 4175 801 4238 si
835 4174 945 4255 exequi
979 4172 1124 4252 deberet,
1162 4190 1201 4236 ιιι
1232 4169 1264 4235 S.
1300 4169 1394 4251 hujus

231 4259 378 4326 Vaticani
401 4259 533 4328 Concilii
556 4260 711 4327 Consultu
733 4260 868 4343 speciale
892 4261 1061 4326 Decretum
1076 4265 1194 4324 eontra
1216 4259 1299 4324 tales
1323 4276 1392 4324 con·

227 4347 321 4430 juges
345 4349 550 4415 emittendum
575 4353 624 4414 est
646 4354 742 4431 atque
764 4349 929 4430 Episcopis
952 4346 1187 4426 inculcandum,
1219 4352 1256 4410 ut
1277 4344 1391 4426 ubique
