2872 4874
138 331 202 392 124
506 341 667 390 sonnurrr
691 341 945 390 oossrmorrorvuu

138 484 178 549 de
200 484 418 548 Praelatorum
447 482 620 546 residentia
643 482 763 547 sancita
786 479 929 560 fuerunt,
959 488 1033 545 rata
1056 478 1210 562 firmaque
1231 499 1315 549 esse

138 573 334 638 decernimus
358 578 455 652 atque
478 569 685 634 declaramus.

613 795 750 862 CAPUT
773 797 828 862 III.

493 953 544 1018 De
566 955 749 1019 visitatione
773 953 944 1021 Dioecesr'a

243 1095 309 1161 Nec
332 1095 373 1159 ad
400 1100 522 1159 rectum
551 1094 712 1160 Dioecesis
739 1095 880 1176 regimen
911 1095 1014 1160 minus
1045 1095 1228 1160 necessaria
1250 1097 1296 1158 est

133 1183 221 1247 illius
243 1183 393 1256 visitatio,
424 1200 488 1261 qua
517 1183 599 1247 sacri
621 1183 770 1247 Pastores
799 1201 909 1246 sanam
940 1190 973 1246 et
997 1181 1206 1247 orthodoxam
1229 1181 1296 1247 dou

136 1271 255 1334 trinam
279 1271 442 1348 inducere,
474 1271 572 1335 bonos
595 1283 699 1335 mores
721 1271 819 1346 tueri,
848 1288 963 1351 pravos
987 1272 1162 1352 corrigere,
1187 1287 1225 1335 ac
1245 1287 1294 1353 pog

137 1357 247 1440 pulum
280 1360 321 1422 ad
356 1357 549 1439 religionem,
584 1375 710 1439 pacem,
745 1364 778 1422 et
811 1359 1021 1423 innocentiam
1055 1358 1231 1423 accendere
1261 1374 1314 1422 on*-

132 1443 241 1512 officio
263 1451 453 1526 tenentur.1)
499 1445 581 1510 Nam
605 1447 666 1510 nisi
689 1444 814 1525 singula
836 1445 996 1511 Dioecesis
1026 1445 1097 1511 loca
1119 1444 1292 1527 frequenter

39 1554 44 1565 ¹
136 1534 285 1613 invisant,
309 1541 343 1597 et
365 1551 423 1597 sua
437 1533 601 1614 vigilantia
624 1551 733 1597 eorum
756 1534 810 1614 qui
825 1551 930 1598 secum
951 1532 1098 1598 laborant
1111 1533 1292 1598 industriam

135 1621 234 1701 alant,
258 1622 424 1703 omniaque
447 1640 505 1702 per
528 1639 561 1686 se
583 1620 722 1700 videant,
746 1623 862 1701 ubique
885 1620 1031 1700 audiant,
1055 1621 1174 1702 ubique
1197 1620 1295 1701 explo,

80 1750 84 1762 »
132 1716 217 1788 rent,
241 1708 342 1773 multa
370 1708 511 1790 profecto
541 1710 746 1790 ignorabunt,
781 1707 832 1773 vel
869 1709 984 1787 serius,
1020 1726 1115 1790 quam
1146 1713 1291 1790 oporteat

135 1796 322 1877 intelligent,
347 1815 405 1862 nec
427 1796 519 1862 malis
542 1797 781 1862 innascentibus
804 1803 985 1878 promptam
1007 1806 1040 1861 et
1062 1795 1224 1861 efficacem
1245 1814 1293 1877 po·

135 1892 245 1949 terunt
273 1885 461 1949 medicinam
492 1884 684 1963 adhiberefl)
730 1884 948 1964 Quapropter,
979 1902 1071 1949 sacro
1103 1886 1293 1965 approbante

137 1970 285 2053 Concilio,
309 1973 453 2038 districte
485 1990 647 2036 monemus
670 1971 886 2050 Patriarchas,
919 1970 1084 2051 Primates,
1115 1971 1293 2052 Metropoli-

136 2067 239 2139 tanus,
269 2067 302 2125 et
323 2061 506 2141 Episcopos,
540 2064 576 2123 ut
605 2079 663 2140 per
694 2079 728 2125 se
757 2061 857 2140 ipsoS,
893 2059 942 2123 vel
971 2059 998 2124 si
1027 2058 1162 2125 forsitan
1185 2059 1295 2123 fuerint

137 2149 290 2230 impediti,
314 2167 371 2229 per
386 2148 548 2212 Vicarium
564 2146 760 2225 Generalem,
783 2154 840 2212 aut
861 2146 940 2211 alios
963 2146 1194 2212 ecclesiasticos
1217 2148 1300 2212 viros·

134 2256 157 2301 a
179 2255 213 2301 se
245 2237 447 2317 approbatos,
478 2235 618 2316 quolibet
648 2237 783 2300 triennio
816 2235 993 2300 Dioeoesim
1025 2253 1116 2299 suam
1147 2233 1301 2315 pastomli·

136 2325 316 2388 visitatione
339 2322 542 2405 perlustrent.
588 2322 695 2387 Sicubi
717 2341 792 2388 vero
815 2323 965 2387 universa
985 2321 1145 2388 Dioeoesis
1169 2329 1296 2404 propter

89 2402 97 2418 “
130 2413 205 2493 ejus
227 2410 427 2475 latitudinem
453 2410 582 2474 triennii
611 2412 714 2491 spatio
743 2410 866 2474 visitari
894 2428 957 2474 non
980 2411 1095 2491 possit,
1120 2410 1295 2495 statuimus,

136 2509 173 2562 ut
195 2499 298 2579 major
319 2500 387 2580 ejus
409 2515 483 2578 pars
512 2495 594 2561 infra
616 2497 676 2562 hoc
705 2498 842 2579 spatium
864 2497 1090 2578 perlustretur,
1123 2498 1169 2561 ita
1192 2506 1299 2562 tamen

136 2599 173 2650 ut
194 2587 296 2650 totius
318 2585 481 2651 Dioecesis
510 2584 649 2649 visitatio
679 2584 819 2666 quolibet
848 2585 961 2650 saltem
991 2587 1206 2667 quinquennio
1236 2603 1299 2650 om·

135 2675 211 2737 nino
234 2672 438 2753 compleatur.

242 2761 376 2841 Insuper
402 2761 444 2825 ad
474 2761 555 2826 hanc
578 2761 680 2842 legem
709 2760 811 2825 teneri
840 2767 873 2825 et
896 2761 1051 2843 obstringi
1081 2761 1233 2826 edicimus
1263 2777 1301 2825 ac

136 2848 335 2913 declaramus
357 2850 452 2913 etiarn
468 2848 631 2914 Praelatos
652 2847 817 2913 inferiores
835 2849 1088 2930 jurisdictionem
1103 2849 1196 2930 quasi
1210 2847 1302 2929 Epis·

133 2936 281 3017 copalem
304 2955 374 3001 cum
403 2942 552 3017 separato
581 2936 742 3001 territorio
765 2937 957 3013 obtinentes;
987 2942 1021 3000 et
1043 2935 1204 3017 Episcopo
1228 2935 1302 3000 vici·

136 3024 220 3089 niori
250 3024 372 3088 nullum
403 3024 580 3089 visitandae
610 3023 779 3089 eorundem
806 3024 1026 3089 Praelatorum
1057 3024 1220 3089 Dioecesis
1249 3022 1302 3103 jus

135 3100 272 3193 relinqui
294 3112 504 3190 decernimur,
528 3112 605 3193 quin
633 3110 699 3175 ulla
721 3118 819 3191 queat
849 3112 878 3176 ei
902 3113 1096 3176 consuetudo
1119 3109 1301 3194 suffragari.

132 3198 230 3276 Quod
260 3201 288 3263 si
320 3198 450 3265 inferior
477 3198 642 3264 Praelatus
671 3199 886 3264 visitationem
917 3201 1005 3264 obire
1035 3199 1224 3279 neglexerit,
1262 3197 1305 3264 ad

134 3286 272 3351 eundem
294 3287 474 3353 viciniorem
497 3285 692 3368 Episcopum
714 3287 884 3367 pertinebit
915 3287 949 3352 id
973 3287 1014 3350 ad
1037 3288 1183 3351 notitiam
1208 3287 1305 3369 hujus

133 3373 169 3440 S.
194 3373 286 3440 Sedis
308 3374 460 3456 perferre,
484 3392 566 3455 quae
588 3374 663 3455 quid
692 3374 813 3439 consilii
837 3374 1023 3454 capiendum
1046 3376 1088 3439 sit
1109 3375 1140 3438 in
1166 3373 1306 3440 Domino

135 3462 322 3527 constituet.

244 3550 281 3614 ln
303 3550 484 3632 visitatione
511 3550 658 3614 obeunda
680 3550 829 3631 Episcopi
856 3549 960 3615 animo
990 3550 1166 3615 recolentes
1190 3551 1307 3615 certis·

133 3638 250 3702 simam
276 3636 362 3700 illam
397 3637 588 3702 senteutiam
616 3636 790 3703 formidinis
822 3654 859 3701 ac
880 3638 1012 3701 terroris
1042 3637 1183 3717 plenam,
1219 3638 1307 3719 quod

135 3743 304 3806 supremus
319 3724 433 3788 Pastor
456 3725 647 3791 creditarum
663 3726 767 3790 ovium
782 3725 965 3804 sanguinem
988 3725 1029 3788 ab
1044 3725 1123 3805 ipsis
1145 3727 1304 3806 requiret,

136 3819 173 3877 et
194 3814 430 3878 excusationem
453 3831 516 3877 non
538 3813 679 3894 accipiet,
703 3813 728 3876 si
752 3811 846 3893 lupus
862 3811 1001 3876 comedit
1023 3831 1106 3890 oves,
1131 3817 1165 3876 et
1187 3818 1305 3894 pastor

137 3901 248 3976 nescit,
272 3900 368 3980 operi,
392 3900 477 3981 quod
505 3901 614 3979 instat,
646 3901 769 3982 agendo
798 3900 892 3964 unice
920 3901 1035 3964 intenti
1057 3900 1129 3978 sint,
1155 3898 1307 3983 adeoque

134 3987 283 4051 omnibus
307 3986 377 4052 aliis
400 3990 495 4053 rebus
518 3988 673 4070 sepositis,
703 3986 828 4068 singula
854 3986 926 4052 loca
948 4005 985 4050 ao
1016 4005 1170 4067 personas
1193 3988 1308 4053 visita-

138 4075 216 4139 tioni
238 4074 389 4140 obnoxias
412 4095 475 4141 non
498 4074 685 4140 festinanter
707 4082 739 4139 et
762 4075 887 4153 cursim,
917 4074 974 4138 sed
1002 4076 1109 4139 debita
1138 4074 1309 4157 diligentia

250 4284 269 4348 ¹)
288 4283 369 4342 Cone.
386 4284 463 4337 Trid.
483 4283 553 4338 Sess.
571 4286 613 4336 24.
633 4298 694 4350 cap.
712 4285 737 4337 3.
757 4282 790 4336 de
809 4282 872 4338 Rei.

245 4353 268 4423 ²)
285 4354 352 4409 Ben.
370 4355 442 4408 XIV.
462 4353 555 4408 Conat.
579 4350 632 4406 Ubi
645 4353 767 4419 primum
785 4355 810 4406 3.
829 4353 940 4408 Decem.
961 4355 1039 4409 1740.
