2872 4874
458 316 497 362 nr
519 315 617 363 nanus
640 313 832 364 ooonarrcrs.
883 360 887 369 ,
1187 301 1228 361 69

10 453 16 462 ’
81 457 275 540 expendendis
299 456 430 519 Petrum
455 454 543 520 Sacri
566 452 696 518 Concilii
720 453 921 519 Oecumenici
943 454 1088 518 Vaticani
1113 472 1229 537 propo-

11 616 18 621 ,
82 547 229 610 titionibus
251 545 420 610 submittit.

10 623 19 654 λ
171 650 288 714 Romae
313 649 364 713 die
388 666 480 713 sacra
503 642 534 712 S.
558 645 727 712 Francisco
751 646 881 712 Salesio.

273 760 366 820 Anno
389 754 555 818 millesimo
579 754 841 834 octingentesimo
865 751 1109 832 septuagesimo.

679 891 860 957 Fridericus
883 890 988 956 Maria
1010 889 1119 955 Zinelli

700 995 878 1079 Episcopus
901 995 1092 1061 Tarvisinus

167 1312 309 1379 ASacra
332 1311 544 1378 Oeeumenica
567 1312 693 1394 Synodo
718 1312 877 1375 Vaticana
899 1310 1092 1392 infrascripti
1114 1310 1228 1376 Patres

72 1400 256 1467 Dioeccseon
290 1401 479 1483 praesertim
513 1403 679 1482 utriusque
716 1399 842 1464 Siciliae
872 1400 982 1481 Regni,
1017 1417 1094 1480 prae
1128 1399 1227 1464 oculis

72 1489 213 1554 habentes
245 1489 346 1554 verba
369 1488 400 1552 S.
424 1488 593 1570 Evangelii
622 1507 680 1553 nec
710 1505 773 1552 non
797 1486 958 1552 Ecclesiae
988 1487 1164 1551 doctrinam
1194 1494 1226 1552 et

72 1585 274 1656 nodamenta,
300 1583 395 1657 atque
418 1575 449 1642 S.
473 1575 613 1642 Thomae
636 1576 784 1641 Doctoris
808 1575 961 1657 Argolici,
993 1574 1154 1639 Ecclesiae
1176 1582 1227 1640 to-

71 1663 132 1743 tius,
154 1669 187 1729 et
210 1683 323 1729 corum
345 1664 470 1746 patriae
494 1664 614 1746 gloriae
637 1665 824 1742 ornamenti,
859 1662 988 1728 oraculo
1011 1660 1140 1741 suffulti,
1172 1664 1226 1744 qui

10 1772 13 1785 ¹
74 1751 191 1817 unnni
225 1752 386 1817 sententia
420 1752 532 1816 edixit:
576 1752 620 1815 ad
651 1752 766 1816 summi
802 1750 969 1831 Pontificis
1003 1751 1226 1816 auctoritatem

73 1840 221 1918 pertinere
243 1840 388 1920 pirraliter
411 1840 624 1904 determinare
647 1859 685 1904 ea
709 1844 883 1921 quaesunt
903 1837 981 1919 fidei
1004 1842 1040 1899 nt
1062 1838 1100 1901 ab
1124 1839 1226 1902 onzni-

79 1926 119 1990 brn
136 1929 328 1992 inconcussa
360 1927 423 2007 ricla
447 1933 623 2003 tencantur,
659 1932 688 1991 et
709 1926 780 1991 icleo
804 1926 847 1990 acl
869 1925 970 1991 solum
993 1926 1062 2006 ejus
1085 1926 1225 1990 auctori-
1309 1939 1313 1944 ’

85 2019 150 2079 uus
167 2015 317 2094 pertinet
332 2035 415 2080 noua
437 2015 536 2080 eclitio
551 2014 685 2097 symboli
707 2015 790 2078 sicut
806 2019 835 2077 et
848 2014 956 2077 murcia
971 2013 1039 2075 aliu
1059 2013 1225 2091 pertinent

10 2130 14 2147 ι
87 2099 218 2166 adulam
242 2099 422 2167 Ecclesiam
452 2103 496 2185 (2.
523 2107 551 2165 2.
574 2120 626 2183 qu.
654 2108 679 2172 1,
709 2107 768 2166 art.
796 2104 862 2181 10);
895 2106 928 2166 et
950 2099 1012 2165 alio
1036 2101 1223 2181 gravissimo

82 2184 150 2254 mu
172 2189 206 2254 S.
232 2189 387 2271 alphonsi
410 2190 449 2254 de
471 2190 597 2271 Ligorio
621 2190 721 2254 altero
745 2189 907 2254 Ecclesiae
932 2193 965 2252 et
987 2189 1109 2269 patriae
1131 2205 1224 2268 prac-

77 2273 231 2343 cluissimo
254 2277 371 2341 lumine
404 2279 547 2359 permoti,
583 2276 755 2342 humillimo
785 2278 1006 2356 instanterque
1036 2273 1223 2357 efflagitant,

72 2364 281 2446 utipsissimis
304 2365 409 2430 verbis
441 2365 582 2446 ejusdem
606 2363 636 2429 S.
659 2365 813 2446 Alphonsi
841 2366 875 2428 in
897 2363 1048 2444 peculiari
1072 2363 1223 2430 disserta-

70 2451 140 2517 tione
173 2453 298 2517 sancire
332 2451 427 2517 velit:
463 2452 546 2535 quod
581 2452 654 2516 licet
685 2452 851 2517 Romanus
882 2451 1035 2531 Pontifex
1066 2456 1224 2533 quatenus

62 2538 233 2616 peculiaris
260 2557 403 2620 persona
425 2541 493 2604 sice
522 2541 675 2620 priuatus
703 2539 824 2604 Doctor
850 2539 958 2621 possit
985 2560 1104 2616 errare,
1139 2540 1224 2603 sicut

64 2626 152 2691 aiom
175 2632 224 2691 cst
244 2626 399 2707 fallibilis
421 2629 457 2692 iu
481 2627 719 2709 quaestionibus
741 2628 824 2691 meri
843 2629 934 2706 facti,
958 2647 1040 2707 quae
1062 2648 1101 2691 ea
1122 2626 1222 2690 bami-

61 2734 130 2778 num
153 2715 349 2779 testimoniis
364 2716 543 2794 praecipue
559 2715 710 2795 pendent,
737 2734 806 2777 cum
828 2720 935 2779 tamen
958 2713 1056 2794 Papa
1080 2714 1223 2795 loquitur

59 2806 220 2883 tamqnam
243 2801 366 2866 Ductor
388 2801 585 2867 uniuersalis
608 2801 763 2891 definienp
793 2821 833 2866 ec
855 2807 907 2866 cut
894 2801 1017 2879 tbeclra,
1049 2823 1161 2882 nempe
1183 2822 1222 2867 eu

53 2890 209 2966 potestate
231 2908 394 2969 snpreruu,
427 2890 528 2954 tradit
515 2895 550 2953 ta
571 2889 634 2954 Pet
633 2909 678 2965 ro,
711 2868 844 2954 docendi
867 2851 1124 2966 Ecclesicim,tu
1089 2894 1164 2953 tuuc
1185 2890 1223 2953 in

57 2977 282 3042 controuersiis
303 2977 400 3042 Fidei
434 2984 465 3042 et
490 2998 613 3042 morum
641 2977 848 3042 decernendis
871 2976 911 3040 ab
941 2995 1051 3040 errore
1074 2996 1141 3041 esse
1163 2977 1222 3040 im·

54 3083 189 3128 munem.

159 3150 228 3216 Nec
258 3152 373 3216 mirum
403 3152 504 3216 videri
533 3154 652 3235 poterit
681 3152 716 3216 id
745 3153 786 3217 ab
816 3153 854 3218 iis
884 3151 1015 3232 exquiri,
1051 3168 1121 3215 cunr
1153 3153 1223 3233 ipse

51 3236 83 3303 S.
107 3240 317 3320 Augustinus,
356 3241 395 3304 de
417 3240 481 3303 alia
511 3241 691 3320 dogmatica
718 3241 854 3305 veritate
885 3240 1054 3319 disserens,
1089 3240 1222 3304 adrem

49 3325 115 3391 ait:
142 3326 303 3406 Quoniam
327 3328 521 3407 quaestionis
543 3326 640 3408 buius
664 3328 841 3392 obscuritas
864 3327 1034 3408 prioribus
1057 3326 1223 3392 Ecclesiae

47 3412 250 3493 ternporibus
273 3434 406 3496 maqnos
427 3414 531 3489 Viros,
556 3420 584 3479 et
604 3435 723 3496 muqnu
747 3415 903 3480 charitate
919 3414 1088 3496 praeditos
1102 3414 1221 3479 Patres

44 3499 232 3581 Episcopus
255 3501 302 3565 ita
324 3502 410 3565 inter
432 3522 465 3566 sc
487 3502 646 3580 compulit,
670 3501 763 3567 sulca
779 3523 872 3582 pace,
905 3503 1093 3582 disceptare,
1123 3502 1222 3566 donec

38 3587 201 3685 plenario
225 3593 255 3651 to
257 3590 322 3653 tius
344 3589 430 3652 orbis
453 3587 602 3667 Concilio,
627 3590 710 3670 quael
731 3590 941 3654 saluberrime
963 3595 1043 3653 senti
1021 3591 1101 3653 titur
1123 3589 1221 3652 etiam

46 3694 140 3739 remo
141 3675 184 3736 tis
207 3661 491 3756 disceptationibus
511 3677 698 3756 firmaretur
721 3677 782 3761 (De
806 3677 964 3759 baptismo
987 3694 1054 3741 con
1071 3677 1217 3742 Donatis.

45 3762 104 3826 lib
135 3767 163 3839 l,
190 3779 258 3843 cap.
283 3765 325 3846 7.)
384 3763 520 3828 Pronam
545 3762 762 3828 difficultatem
793 3764 886 3829 diluit
909 3764 939 3830 S.
963 3764 1121 3828 Hilarius:
1156 3762 1225 3827 Sed

44 3849 134 3912 male
159 3847 315 3915 aliast
266 3872 300 3914 m
302 3851 433 3934 telliqit.
406 3852 446 3915 t?
490 3851 725 3916 Damnemus
711 3873 748 3916 m
771 3871 932 3916 commune
954 3853 987 3915 ci
988 3853 1102 3915 tioscm
1124 3851 1175 3914 int
1162 3850 1219 3915 t-el

48 3936 234 4018 liqeutiom,
257 3957 322 4002 nou
345 3939 531 4019 auferamus
552 3940 629 4019 siclei
649 3940 752 4019 firmit
752 3946 835 4004 atem
859 3938 921 4023 (De
944 3939 1050 4005 Sinod.
1074 3957 1104 4000 n.
1129 3938 1195 4021 88.)

163 4072 247 4141 Huic
262 4078 474 4156 postulationi
496 4078 753 4159 subscripserunt
774 4083 814 4142 41
839 4077 976 4144 Concilii
997 4077 1126 4142 Patres.

528 4273 602 4280 η...-
607 4273 740 4281 ..--..·---
