2872 4874
442 1087 608 1160 suerro
632 1087 861 1159 suerrum.

84 1254 662 1357 consummemini
693 1253 1220 1356 nodmnrletltuor

472 1412 837 1515 SSHEMATA.

158 1645 189 1726 1.
221 1641 414 1724 sonum
442 1641 816 1725 oonsuuuuoms
844 1620 1140 1724 oocunuoln

71 1816 171 1883 DE
203 1818 658 1884 DOCTRINA
691 1818 1235 1903 OATHOLIOA.¹)

561 2150 698 2216 CAPUT
722 2153 745 2215 l.

412 2313 417 2319 “
494 2307 546 2372 Dc
569 2326 611 2372 ss.
638 2308 807 2373 llircr'tcte.

175 2463 414 2547 Mysteriorum,
451 2482 531 2545 quae
565 2464 626 2529 fide
660 2465 829 2529 illuminati
862 2464 1057 2546 profitemur,
1093 2466 1232 2531 omnium

60 2571 250 2634 supremum
273 2552 342 2633 ipse
364 2551 451 2617 Deus
475 2559 534 2633 est,
560 2571 640 2617 nnus
664 2555 696 2617 in
718 2554 866 2633 essentia,
891 2555 992 2618 trinus
1016 2554 1048 2617 in
1070 2554 1231 2637 personis:

60 2640 169 2722 Pater,
193 2639 297 2704 Filius
320 2646 352 2705 et
374 2638 514 2720 Spiritus
536 2639 683 2706 Sanctus,
729 2640 816 2706 Haec
839 2641 933 2706 beata
956 2640 1095 2706 Trinitas
1119 2660 1231 2706 secun-

58 2729 137 2793 dum
162 2728 322 2793 sinceram
345 2727 520 2793 catholicae
547 2727 621 2793 fidei
643 2729 811 2793 veritatem
835 2747 915 2793 unus
940 2734 989 2793 est
1011 2728 1106 2809 Deus,
1137 2748 1230 2811 prop·

56 2822 155 2881 terea
177 2815 265 2896 quod
295 2816 434 2880 essentia
461 2834 519 2881 seu
542 2817 721 2882 substantia
752 2816 854 2882 tribus
885 2817 1029 2899 personis
1058 2819 1232 2882 communis

58 2923 97 2968 re
122 2908 159 2968 et
181 2918 314 2968 numero
338 2921 402 2967 una
425 2909 482 2968 est.
517 2902 614 2968 Pater
636 2905 720 2969 enim
736 2905 777 2969 ab
799 2910 929 2968 aeterno
952 2903 1068 2968 Filium
1090 2911 1230 2987 generat,

59 3010 125 3057 non
159 2990 257 3055 aliam
288 3009 364 3055 suae
392 2991 559 3073 aequalem
588 2992 759 3057 essentiam
792 2992 989 3057 emanatione
1019 2993 1232 3073 producendo,

61 3079 125 3143 sed
148 3079 252 3160 ipsam
275 3097 366 3143 suam
388 3079 651 3162 simplicissimam
674 3081 845 3146 essentiam
869 3080 1142 3159 communicando;
1177 3099 1233 3162 pa-

64 3168 210 3248 riterque
233 3165 369 3249 Spiritus
392 3166 423 3232 S.
447 3186 510 3233 non
533 3167 794 3249 multiplicatione
818 3167 982 3247 essentiae,
1011 3168 1067 3231 sed
1090 3167 1233 3250 ejusdem

64 3254 229 3319 essentiae
253 3254 423 3337 singularis
446 3256 730 3321 communicatione
753 3275 772 3320 a
795 3255 890 3320 Patre
914 3261 947 3320 et
968 3254 1048 3320 Filio
1070 3260 1231 3337 tamquam

63 3343 108 3407 ab
134 3360 199 3407 uno
221 3342 375 3424 principio
399 3361 463 3407 una
485 3344 659 3425 spiratione
682 3351 812 3408 aeterna
834 3342 988 3427 procedit.
1025 3342 1113 3407 Haec
1135 3343 1233 3423 igitur

65 3449 133 3494 una
155 3449 289 3495 numero
312 3431 451 3506 essentia
473 3449 530 3495 seu
552 3437 668 3495 natura
691 3432 847 3496 veraciter
869 3437 919 3495 est
941 3430 1043 3509 Pater,
1076 3429 1175 3494 Filius
1199 3436 1232 3495 et

65 3517 210 3600 Spiritus
233 3517 264 3585 S.
289 3525 355 3583 tres
378 3518 472 3582 simul
494 3537 648 3601 personae
670 3525 703 3584 et
718 3519 902 3601 singillatim
925 3518 1084 3599 quaelibet
1106 3536 1231 3582 earum-

65 3605 155 3670 dem:
195 3607 243 3670 ita
266 3614 301 3670 ut
324 3624 481 3689 personae
506 3608 587 3672 inter
611 3624 645 3670 se
669 3607 800 3671 realiter
823 3607 989 3671 distinctae
1011 3606 1084 3687 sint,
1117 3610 1233 3669 natura

61 3698 174 3758 autem
197 3711 256 3758 seu
277 3695 415 3759 essentia
439 3713 535 3759 unum
558 3694 703 3775 idemque
726 3695 797 3759 sint.
811 3695 837 3775 2)

177 3901 198 3971 ¹)
217 3901 279 3956 Hoc
297 3903 413 3958 Schema
436 3919 453 3957 a
472 3903 664 3958 commissione
681 3903 886 3970 Theologorum
908 3904 1025 3971 primum
1043 3907 1185 3957 exaratum
1202 3908 1232 3957 et

58 3973 176 4028 concilii
194 3972 325 4027 Patribus
343 3973 380 4028 ad
398 3973 598 4028 discutiendum
620 3974 794 4041 propositum
812 3973 911 4028 deinde
934 3974 1044 4028 ratione
1062 3973 1157 4027 habita
1175 3973 1232 4026 ani·

61 4043 299 4104 madversionum,
318 4058 389 4110 quae
407 4060 424 4098 a
443 4043 567 4112 pluribus
580 4043 710 4097 Patribus
729 4043 758 4096 in
776 4043 836 4111 ejus
850 4043 1022 4098 discussione
1040 4045 1069 4096 in
1087 4043 1151 4097 aula
1163 4041 1232 4096 Con·

59 4114 120 4198 ciiii
138 4114 346 4194 factaeerant,
364 4130 381 4169 a
399 4113 574 4182 deputatione
592 4130 642 4182 pro
661 4114 743 4168 rebus
761 4112 825 4168 fidei
842 4114 1021 4168 reformatum
1040 4123 1091 4167 est.
1140 4114 1234 4168 Adno-

57 4192 129 4240 ωηο
149 4184 360 4323 Θῆτῧῗεῧοηο.
379 4253 441 4313 Lat.
460 4254 492 4308 V.
512 4253 577 4321 (lap.
597 4253 781 4307 Damocritus.
