2872 4874
711 238 731 287 q

137 329 198 390 168
642 280 810 391 rosrdnera

190 535 240 602 De
256 536 413 618 prndenti
435 537 525 601 modo
547 536 732 618 specialiter
753 536 911 602 sanando
932 537 970 602 in
993 538 1232 605 condemnandis

535 641 698 706 modernis
720 643 894 709 erroriins.

239 779 272 846 si
306 781 452 846 videatur
486 780 609 863 aliquos
642 801 679 846 ex
702 781 861 847 erroribus
892 783 946 864 qui
980 782 1125 849 moderni
1152 785 1272 850 dicantur

134 868 329 934 damnandos
353 887 432 950 esse,
466 907 505 915 —
536 887 725 951 quamquam
752 870 892 951 ipsorum
915 889 1026 935 revera
1055 871 1132 937 nulli
1155 874 1272 938 modern

133 957 207 1037 sint,
231 963 265 1022 et
287 975 396 1023 omnes
422 959 490 1039 Jam
511 974 569 1038 per
591 956 747 1039 principia
769 956 843 1022 fidei
865 963 898 1022 et
913 957 1076 1024 Ecclesiae
1099 958 1272 1024 definitione:

135 1045 215 1110 satis
235 1043 377 1109 damnati
399 1045 547 1125 existant,
566 1081 604 1092 -
625 1063 749 1111 errores
773 1046 826 1125 qui
841 1046 1057 1126 proscribendi
1068 1047 1272 1129 judicarentur

133 1131 233 1212 clare,
265 1133 408 1214 praecise
440 1138 473 1197 et
495 1132 703 1197 determinate
732 1133 918 1198 enuntiandi
948 1141 1068 1214 essent,
1099 1154 1272 1217 nequaquan

133 1237 210 1284 vero
233 1238 291 1300 per
313 1238 406 1285 voces
429 1219 609 1302 complexas
633 1228 664 1284 et
686 1220 881 1300 multivocas,
909 1223 968 1287 sub
991 1240 1124 1303 quarum
1148 1224 1272 1304 ambigua

134 1306 342 1389 generalitate
357 1307 473 1371 bonum
489 1326 560 1372 eum
582 1307 675 1390 malo,
692 1327 801 1373 vemm
824 1327 894 1372 curn
909 1307 990 1373 falso
1014 1310 1108 1374 simul
1123 1311 1272 1375 admixtum

134 1392 283 1460 confundi
304 1396 416 1476 possit.
475 1396 521 1461 Ab
544 1396 607 1460 illis
636 1397 772 1460 maxime
803 1397 1025 1461 abstinendum
1054 1400 1184 1463 vocibus
1205 1413 1272 1480 quae

133 1480 209 1547 licet
231 1483 272 1546 ad
289 1501 429 1548 errorem
453 1502 472 1548 a
495 1483 683 1565 quibusdam
705 1483 881 1563 trahantur,
905 1484 1024 1549 bonum
1039 1490 1148 1550 tamen
1170 1501 1272 1551 seusun

134 1588 211 1650 prae
233 1569 404 1651 scierunt,
431 1571 495 1637 imo
517 1572 551 1634 in
572 1572 729 1636 communi
762 1570 923 1635 hominum
946 1591 1042 1637 sensu
1064 1575 1146 1638 bene
1168 1578 1272 1638 sonant

134 1675 175 1722 ne
197 1676 335 1738 unquam
365 1659 511 1724 videatur
538 1665 650 1724 sancta
673 1659 733 1724 Dei
763 1659 919 1741 Ecclesia,
953 1678 1033 1742 qnae
1058 1663 1196 1725 omnium
1216 1667 1272 1725 tem

133 1763 246 1825 pamm
269 1753 330 1826 est,
365 1744 519 1811 infensam
549 1765 583 1810 se
615 1745 762 1812 exhibere
794 1747 833 1811 iis
857 1766 939 1828 quae
965 1748 1121 1814 moderna
1143 1755 1224 1829 sunt,
1252 1764 1272 1808 u

135 1832 232 1898 stulte
255 1840 287 1898 et
308 1835 447 1917 maligne
470 1835 511 1899 ab
533 1835 601 1916 ejus
624 1834 766 1899 hostibus
791 1835 1015 1915 conclamatur,
1041 1837 1097 1902 sed
1113 1842 1230 1901 tautum
1250 1835 1272 1898 ii

134 1938 216 2001 quae
238 1922 324 1986 mala
346 1929 379 1987 11
401 1922 482 1987 falsa
505 1928 589 1989 sunt.
958 1918 962 1933 ’

178 2131 384 2214 1111111111
407 2132 613 2213 definitiones,
637 2133 704 2198 nisi
726 2116 764 2197 en
788 2134 915 2198 annino
937 2135 1121 2199 necessaria
1144 2155 1242 2210 11111,

595 2258 658 2301 non
682 2239 829 2303 edendae.

238 2377 370 2441 Attento
392 2377 554 2457 praesenti
577 2383 664 2441 statu
687 2378 858 2458 Ecclesiae,
882 2378 1102 2460 humanaeque
1126 2377 1272 2444 1111111111

132 2464 270 2545 prudens
301 2471 575 2546 opportunumque
610 2465 772 2530 videretur
793 2473 831 2530 ut
864 2485 965 2530 novae
997 2464 1196 2532 definitiones
1224 2463 1272 2530 fin

133 2569 197 2615 non
220 2552 402 2628 ederentur,
433 2552 496 2615 nisi
518 2552 558 2616 ob
581 2553 749 2617 maximam
779 2559 812 2618 et
834 2554 1103 2624 evidentissimam
1126 2553 1272 2620 necessita

133 2644 215 2716 tem,
250 2639 283 2702 in
306 2639 355 2704 his
377 2639 565 2720 praesertim
587 2641 726 2705 materiis
749 2642 819 2722 ubi,
849 2660 907 2723 pro
930 2643 1015 2707 notis
1038 2647 1213 2724 temporum
1234 2641 1272 2705 111

134 2727 348 2805 cumstantiis,
382 2726 606 2808 hominumque
635 2727 860 2794 hodiernorum
892 2731 1026 2812 ingenio,
1058 2729 1234 2811 praevideri
1265 2744 1272 2780 ⁴

134 2814 239 2878 timeri
260 2813 354 2879 facile
376 2817 505 2896 possent
527 2816 704 2880 animorum
727 2817 983 2899 perturbationes
1006 2824 1040 2883 11
1063 2818 1221 2883 scandala.

232 3041 283 3107 De
307 3042 476 3108 charitatis
499 3049 528 3108 et
549 3042 789 3107 misericordiae
811 3045 959 3122 operibns
981 3044 1159 3108 laudandis
1182 3029 1210 3107 et

597 3148 832 3228 promouendis.

240 3287 310 3353 Hac
343 3293 452 3353 nostra
490 3293 608 3368 111111,
648 3305 742 3367 quam
780 3287 967 3351 mirabiliter
1004 3287 1090 3368 apud
1128 3287 1272 3352 catholic:

134 3371 336 3440 efflorescant
358 3374 524 3439 charitatis
549 3379 581 3440 11
603 3375 839 3440 misericordiae
855 3393 953 3456 opera
974 3393 1067 3440 nemo
1091 3380 1140 3440 est
1163 3376 1216 3456 qui
1236 3392 1272 3438 n⁴

133 3462 248 3541 videat,
273 3467 306 3527 et
329 3480 437 3526 omnes
459 3463 581 3543 pariter
603 3467 720 3527 norunt
743 3468 896 3544 quantum
918 3462 1004 3542 inde,
1035 3465 1120 3544 apud
1144 3464 1228 3544 ipsos
1252 3458 1272 3525 i

134 3548 312 3615 differentes
335 3556 368 3614 11
389 3550 577 3630 incredulos,
602 3549 705 3616 laudis
729 3557 762 3615 et
785 3550 908 3614 decoris
931 3550 991 3614 sibi
1014 3551 1152 3615 vindicet
1175 3546 1272 3630 religi

134 3637 348 3715 Quamobrem
381 3639 508 3703 maximi
538 3639 632 3720 pretii
665 3638 732 3703 fore
766 3637 926 3702 videretur
959 3638 987 3702 si
1017 3637 1206 3718 Concilium,
1238 3652 1272 3718 p‘

134 3726 324 3791 auctoritate
348 3743 411 3806 qua
431 3725 542 3807 pollet,
577 3726 650 3790 huic
673 3731 783 3792 sancto
814 3725 978 3790 charitatis
1001 3724 1119 3789 fervori
1141 3743 1225 3789 nova
1246 3740 1272 3788 1.·

134 3813 273 3878 mularet
288 3814 456 3892 incentiva,
472 3814 614 3895 impense
636 3819 670 3878 et
685 3813 871 3878 nominatim
886 3813 1046 3877 laudando
1063 3830 1161 3894 opera
1177 3813 1272 3877 miser

135 3901 263 3966 cordiae
285 3919 366 3982 qnae
397 3903 515 3984 passim
538 3900 606 3964 fieri
628 3907 810 3977 noscuntur,
839 3907 872 3965 11
895 3898 1004 3965 fideles
1026 3900 1162 3964 vividius
1186 3899 1272 3963 adhc

134 3989 232 4052 tando
255 3989 347 4054 utin
370 3988 567 4054 inveniendis
590 3995 622 4053 11
645 3989 827 4053 exercendis
850 3990 939 4052 novis
964 3989 1130 4053 charitatis
1154 3987 1272 4068 operib

134 4076 315 4140 solertiores
346 4077 449 4141 adhuc
473 4082 505 4140 et
527 4076 681 4157 largiores
705 4095 774 4141 sese
797 4074 943 4140 exhibere
966 4077 1151 4140 niterentur.
1197 4070 1272 4154 Hui

136 4165 220 4228 euim
243 4163 385 4245 profecto
408 4165 512 4229 sancti
536 4161 667 4228 Consilii
691 4171 724 4228 et
746 4165 979 4245 copiosissimus
1002 4162 1256 4227 fructnsexister

134 4257 168 4315 et
190 4270 330 4318 summus
362 4251 464 4317 honor
496 4250 585 4327 foret,
614 4251 649 4330 si,
681 4251 749 4332 ipso
781 4253 934 4316 suadente
958 4254 990 4315 et
1019 4250 1210 4332 impellente,
1242 4249 1272 4312 i‘

135 4341 236 4422 magis
260 4359 297 4405 ac
325 4340 442 4420 magis,
473 4337 709 4403 misericordiae
732 4356 829 4420 opera
861 4344 892 4403 et
914 4339 1129 4402 institutiones
1153 4337 1272 4402 aetnae
