2872 4874
257 1302 401 1385 INDEX
429 1302 590 1437 RERUM
616 1302 673 1384 ΕΤ
701 1300 1024 1387 Passerinum

58 1802 252 1870 albiganensis
271 1801 404 1869 Episcopi
428 1801 582 1868 propositio
601 1815 652 1868 pro
672 1799 794 1868 iuvanda
813 1798 958 1868 disciplina
982 1796 1056 1855 Cleri
1093 1738 1223 1869 lag-:qq

57 1891 196 1945 Antonius
215 1890 315 1943 Petrus
335 1890 391 1955 1Χ.,
413 1889 571 1956 patriarcha
590 1887 744 1942 Ciliciensis
781 1927 963 1942 .....
1008 1891 1053 1946 63.
1090 1892 1141 1944 106

57 1978 263 2046 Assumptionis
283 1976 439 2044 Corporeae
460 1979 488 2030 in
508 1977 615 2031 coelum
634 1977 782 2044 Dciparae:

272 2065 442 2134 postulatum
460 2081 512 2133 pro
530 2065 686 2133 dogmatica
704 2063 863 2119 delinitione
881 2091 914 2103 -
960 2104 966 2117 .
1004 2103 1010 2117 .
1047 2104 1054 2118 .
1094 2067 1144 2117 106

271 2161 409 2208 momenta
417 2169 468 2221 pro
478 2153 647 2221 dogmaticae
656 2144 1059 2220 definitionis-possibilitate
1092 2155 1144 2207 107
1193 2223 1194 2226 ¹

740 2281 753 2310 „
836 2240 1083 2308 -opportunitate
1094 2241 1146 2294 108
1165 2255 1206 2307 sq.

60 2432 163 2501 Belgii
182 2432 382 2501 archicpiscopi
401 2438 429 2488 et
442 2433 643 2502 Episcopornm
657 2463 689 2473 -
702 2432 846 2501 postulata
863 2431 897 2487 da
911 2431 1057 2500 disciplina
1093 2433 1143 2486 173

271 2520 312 2576 Do
322 2521 433 2588 judiciis
453 2520 621 2576 clericorum
649 2559 1054 2578 ..........
1092 2521 1144 2573 174

283 2649 295 2677 „
326 2608 494 2663 clericorum
514 2609 665 2664 seminariis
695 2647 1054 2666 .........
1092 2611 1146 2663 174

281 2736 294 2766 „
325 2696 477 2751 Collationo
491 2697 668 2752 ecclesiarum
681 2696 880 2764 parochialium
898 2704 928 2751 et
946 2711 1057 2750 succur-

378 2785 477 2838 salium
520 2822 1059 2841 .............
1096 2784 1149 2836 174
1166 2797 1206 2850 sq.

281 2911 294 2940 „
324 2871 428 2940 synodo
448 2871 610 2925 dioecesana
655 2908 1057 2928 ..........
1094 2871 1145 2924 175

282 2998 295 3028 „
326 2959 378 3025 piis
398 2960 519 3012 virorum
537 2973 570 3013 ac
587 2957 770 3012 foeminarum
788 2958 918 3012 institutis
962 3001 969 3014 .
1006 2998 1013 3013 .
1050 3000 1057 3014 .
1096 2961 1146 3012 175
1165 2972 1206 3024 sq.

283 3086 296 3114 ‚‚
325 3047 456 3101 oratoriis
475 3046 590 3112 privatis
603 3085 1055 3102 ...........
1093 3047 1144 3108 176

284 3172 297 3202 „
327 3133 462 3187 altaribus
481 3132 661 3202 privilegiatis
695 3174 1056 3190 .........
1094 3134 1146 3185 170

281 3262 293 3288 „
323 3220 502 3275 facultatibus
521 3220 746 3275 extraordinariis
784 3261 1055 3278 .......
1094 3221 1145 3273 176
1163 3234 1205 3286 aq.

286 3350 299 3377 „
330 3315 499 3363 sacramento
517 3309 683 3364 matrimonii
696 3347 1053 3365 .........
1092 3310 1143 3362 177

62 3395 219 3450 Beritensis
238 3396 449 3469 Archiepisoopi
468 3397 637 3464 postulatum
696 3437 1056 3453 .........
1093 3398 1146 3450 247
1163 3411 1225 3465 sqq

61 3483 230 3537 Brundusio.
267 3483 392 3551 Raphael
411 3486 531 3553 Archiep
534 3524 1056 3542 .............
1092 3487 1145 3537 200

63 3673 246 3742 catechismo,
266 3676 376 3730 schema
395 3675 428 3730 de
446 3692 530 3744 parvo
549 3705 581 3714 —
608 3715 1057 3733 ...........
1095 3679 1146 3730 129
1165 3692 1207 3744 sq.

65 3762 219 3817 Ciliciensis
239 3762 422 3819 Patriamhaa
439 3763 610 3831 postulatum
632 3763 668 3817 ad
685 3778 743 3817 rom
761 3762 910 3817 militarem
929 3767 1057 3829 spectans
1112 3767 1147 3818 98
1165 3779 1225 3832 sqq.
1333 3823 1336 3828 ,

274 3849 318 3906 De
330 3852 503 3906 solemnitate
521 3851 587 3906 belli
606 3889 1057 3908 ...........
1095 3853 1145 3904 100

282 3979 295 4008 ,,
326 3940 495 3994 necessitate
507 3954 540 3992 ao
549 3939 676 4007 legitimis
689 3938 781 3993 causis
791 3937 827 3992 ad
834 3936 937 3992 bellum
945 3937 1053 4005 iustum

380 4027 519 4094 requisitis
562 4064 1056 4084 ............
1094 4028 1143 4078 101

284 4152 297 4182 ,,
326 4111 427 4168 officiis
444 4119 473 4168 et
490 4113 648 4169 obedientia
666 4113 764 4168 ducum
784 4129 816 4168 ac
834 4112 953 4167 militam
1004 4152 1012 4167 .
1048 4151 1055 4164 .
1094 4114 1145 4166 102
1241 4161 1243 4167 .

286 4241 299 4270 ,,
330 4202 496 4256 auctoritato
519 4207 547 4256 et
570 4201 685 4256 oonsilio
712 4201 742 4256 in
759 4201 841 4257 bellis
867 4197 1057 4268 rumpenda

381 4295 408 4343 et
425 4288 515 4344 forma
529 4289 626 4357 judicii
646 4289 679 4344 de
693 4289 805 4356 justitia
823 4287 889 4344 balli
916 4329 923 4345 .
958 4328 968 4344 .
1004 4330 1011 4345 .
1049 4329 1056 4344 .
1095 4290 1145 4341 103

1067 4373 1118 4432 17*
