2872 4874
223 321 266 381 48
507 330 627 377 sennua
651 329 895 378 cousumuuroms
918 329 1109 387 uoumncan
1161 333 1162 336 ¹

224 490 286 552 quo
310 471 378 552 ipsa
410 470 586 551 pervigilat,
616 475 659 533 ἰιι
672 470 827 621 juventus
857 470 1012 537 catholiea
1035 471 1067 534 in
1096 470 1205 551 primis
1230 488 1307 533 vera
1330 469 1395 533 lide

218 565 258 625 et
281 559 398 624 sanctis
421 558 562 623 moribus
585 558 647 621 rite
670 557 734 621 inst
735 557 865 623 iurtnat.

328 645 457 711 Hanc'
449 645 648 725 iniquitatem
680 645 881 710 cumularunt
916 644 979 710 alia
1008 646 1225 746 usurpatione
1282 644 1393 745 Ipsam

223 735 310 798 enim
339 732 534 798 Clericorum
569 733 787 798 educationem
818 753 856 798 ac
889 734 1015 798 instiutt
979 733 1118 798 uionem
1151 734 1184 797 in
1215 720 1394 813 disciplinis

224 821 399 886 ecclesiast
377 821 448 886 tucis
476 825 544 884 tum
574 821 607 885 in
629 820 700 885 aliis
731 820 866 901 publicis
897 821 1050 886 scholist
1036 827 1104 885 tum
1133 821 1167 885 in
1188 821 1267 903 ipsis
1291 821 1393 885 Semi·

223 910 320 974 uariis
343 907 461 974 efficaci
492 908 601 972 direct'
579 909 658 973 troni
682 926 720 973 ac
751 909 938 990 vigilantiae
960 908 1124 974 Ecclesiae
1155 908 1334 973 subducere
1360 914 1394 973 et

221 999 378 1077 potestati
408 996 509 1061 laicae
543 997 725 1076 mancipare
756 1001 964 1077 praesumunt
997 1001 1108 1061 contra
1138 994 1190 1076 jus
1226 997 1394 1078 proprium
1426 1011 1435 1019 ·

179 1142 182 1149 .
223 1085 394 1164 Ecclesiae,
431 1101 492 1166 quo
527 1085 662 1148 maxime
696 1086 729 1149 in
763 1085 829 1148 suis
864 1084 1016 1149 ministris
1051 1085 1182 1148 sanitati
1215 1083 1394 1149 catholicae

226 1173 389 1237 doctrinae
403 1176 436 1236 et
459 1173 622 1236 sanctitati
637 1173 720 1236 vitae
744 1172 975 1237 ecclesiasticae
990 1173 1157 1252 providere
1172 1171 1276 1238 debet.
1309 1171 1394 1250 Quin

222 1260 320 1325 etiam
346 1278 401 1324 eos
424 1261 518 1340 ipsos,
544 1259 651 1340 quiin
675 1263 794 1325 sortem
818 1261 944 1327 Domini
966 1265 1129 1338 vocantur,
1158 1264 1312 1323 asancta
1334 1278 1393 1325 sua

225 1347 392 1412 vocatione
414 1349 550 1428 pervim
574 1346 710 1413 avellere
727 1352 761 1412 et
776 1348 974 1429 iniquissima
996 1349 1066 1429 lege
1083 1347 1241 1429 subjicere
1256 1347 1392 1412 militiae

222 1434 385 1500 ,saeculari
415 1434 531 1500 alicubi
559 1436 653 1501 veriti
683 1455 745 1501 non
768 1441 852 1514 sunt,
889 1440 984 1516 atque
1006 1436 1052 1500 ita
1082 1440 1237 1516 quantum
1259 1435 1292 1499 in
1314 1435 1392 1516 ipsis

226 1529 284 1603 est,
309 1523 483 1587 Ecclesiam
505 1523 695 1588 necessariis
717 1523 759 1587 ad
788 1523 973 1604 docendum,
998 1523 1172 1604 regendum
1196 1529 1229 1588 et
1251 1522 1393 1588 sanctifi·

226 1610 365 1675 candum
388 1611 538 1692 populum
562 1611 622 1675 Dei
644 1611 796 1675 ministris
830 1612 953 1692 privare
986 1617 1150 1676 conantur.
1209 1610 1316 1687 Quare
1340 1611 1392 1676 de-

224 1698 380 1763 claramus
403 1704 435 1762 et
450 1698 607 1779 docemus,
626 1699 700 1780 jnra
722 1699 888 1780 praedicta
903 1706 1001 1780 atque
1022 1697 1126 1763 officia
1149 1697 1191 1761 ad
1213 1697 1390 1764 Ecclesiam

223 1786 394 1886 pertinere,
417 1792 450 1888 et
473 1804 543 1850 esse
568 1805 640 1850 cum
664 1787 731 1868 ejus
755 1788 938 1868 magisterio
962 1786 1113 1851 divinitus
1136 1786 1295 1865 instituto,
1320 1805 1389 1850 cum

222 1874 322 1954 ipsius
347 1875 571 1939 constitutione
594 1893 631 1937 ao
654 1872 716 1938 fine
738 1875 847 1938 intime
871 1876 1022 1956 conjunct
1023 1891 1051 1953 a,
1075 1873 1219 1954 adeoque
1242 1874 1388 1939 humanis

222 1961 347 2043 legibus
370 1981 433 2027 non
455 1980 561 2062 posse
572 1960 700 2026 auferri.

329 2049 401 2113 Alia
424 2050 530 2131 gravis
552 2050 670 2132 injuria
684 2048 821 2114 Sanctae
837 2049 999 2115 Ecclesiae
1022 2047 1156 2112 infertur
1179 2050 1219 2112 ab
1237 2014 1310 2128 illis,
1333 2050 1386 2130 qui

223 2137 313 2217 profe
296 2139 449 2202 essionem
472 2135 601 2218 perfect
592 2137 674 2203 1onis
697 2137 930 2219 evangelicae
922 2157 955 2201 m
971 2136 1180 2204 Ordinibusl
1182 2154 1219 2200 ns
1221 2138 1308 2201 ιιιιιι
1300 2155 1385 2289 rtsqm

224 2224 381 2306 religiosis
413 2225 454 2288 ab
485 2224 611 2288 eadem·
625 2224 771 2289 Ecclesia
800 2227 965 2306 approbat
958 2243 983 2289 rs
1015 2226 1124 2304 iniqua
1154 2226 1389 2305 oppugnatione

224 2317 469 2393 persequuntur,
495 2318 591 2393 atque
615 2311 773 2376 affirmare
796 2315 924 2391 audent,
959 2311 1185 2392 professionem
1207 2312 1389 2394 religiosam

221 2399 347 2481 jnribus
369 2405 504 2463 naturae
519 2398 737 2481 libertatisque
760 2400 916 2464 humanae
932 2400 1131 2478 contrariam,
1153 2399 1207 2478 *vel
1223 2419 1262 2465 ex
1284 2401 1391 2482 regnis

225 2491 257 2550 et
280 2487 461 2551 civitatibus
483 2492 612 2552 nostrae
636 2489 753 2551 aetatis
777 2488 1000 2552 eliminandam
1025 2505 1103 2569 esse,
1133 2487 1218 2568 qnod
1239 2487 1295 2552 illa
1318 2507 1391 2570 pro·

224 2572 324 2638 lectni
340 2593 377 2639 ac
392 2572 534 2638 felicitati
550 2574 738 2656 populorum
754 2583 951 2655 opponatur;
976 2594 1074 2656 eoque
1091 2576 1193 2656 magis
1210 2575 1389 2655 dolendum,

225 2661 310 2741 quod
332 2663 415 2727 inter
443 2663 528 2743 ipsos
550 2662 655 2742 legum
686 2662 813 2742 latores
849 2665 959 2744 quise
992 2663 1165 2728 catholicos
1188 2660 1389 2743 profitentur,

224 2768 289 2814 non
314 2750 428 2829 desint,
463 2751 516 2830 qui
538 2751 572 2813 in
595 2750 653 2814 hac
676 2769 711 2814 re
734 2749 900 2816 Ecclesiae
931 2752 984 2832 jus
1008 2750 1193 2817 conculcare
1217 2757 1251 2814 et
1274 2752 1391 2832 iniquis

223 2837 358 2918 legibus
382 2843 534 2919 quantum
557 2837 675 2918 valent,
691 2839 823 2902 irritum
846 2838 980 2904 reddere
1004 2857 1068 2903 non
1091 2844 1271 2904 vereantur.

331 2925 484 3002 Quoniam
515 2944 591 2990 vero
621 2943 737 3006 sponsa
763 2926 842 2990 lesu
873 2925 990 2990 Christi
1019 2927 1122 3006 ipsam
1154 2925 1251 2990 divini
1283 2926 1392 3007 sponsi

163 3014 166 3019 ’
224 3013 274 3076 sui
296 3013 393 3076 vitam
417 3018 449 3076 et
465 3013 641 3093 exemplum
663 3015 696 3078 in
712 3033 745 3078 se
769 3014 897 3096 suisque
912 3015 1061 3078 membris
1084 3013 1268 3094 exprimere,
1295 3024 1392 3095 atque

207 3179 209 3184 Ι
219 3101 343 3182 jugiter
375 3101 554 3165 sanctitatis
587 3103 811 3182 praerogativa
840 3101 961 3183 fulgere
990 3102 1093 3179 debet,
1128 3101 1212 3164 idem
1237 3101 1392 3166 Dominus

225 3187 342 3252 Noster
363 3187 457 3253 Jesus
482 3187 627 3253 Christus
659 3207 722 3253 non
745 3190 846 3253 solum
875 3194 986 3254 sancta
1009 3189 1095 3253 dedit
1118 3189 1270 3253 mandata
1294 3190 1393 3254 omni-

223 3276 292 3353 bus,
317 3275 344 3338 si
366 3275 476 3340 volunt
492 3276 534 3339 ad
557 3276 656 3340 uitam
671 3277 804 3358 ingredi,
830 3276 1009 3341 necessario
1026 3277 1196 3354 servanda3
1221 3277 1393 3342 sedetiam

221 3380 281 3442 pro
305 3363 450 3428 Ecclesia
473 3365 740 3444 praemonstravit
772 3366 806 3428 in
835 3382 891 3428 suo
927 3364 1092 3445 evangelio
1116 3369 1236 3428 statum
1269 3363 1393 3446 perfec-

225 3450 329 3530 tionis,
354 3451 470 3532 quoii,
504 3451 558 3531 qui
581 3451 647 3515 Deo
671 3457 806 3516 vocante
829 3454 959 3533 capiunt
988 3452 1119 3516 verbum
1143 3453 1236 3530 istud,
1274 3451 1393 3518 relictis

225 3538 380 3617 omnibus,
405 3543 441 3602 ut
456 3538 642 3602 thesaurum
657 3539 797 3604 habeant
812 3541 845 3603 in
862 3540 970 3618 coelis,
986 3540 1090 3620 ipsum
1104 3539 1124 3602 J
1127 3557 1213 3604 esum
1230 3537 1394 3604 Christum

212 3625 443 3706 propinquiori
463 3627 640 3690 imitatione
656 3633 839 3707 sequantur.
848 3628 872 3710 1)
920 3627 1060 3692 Consilia
1081 3627 1161 3692 haec
1176 3627 1256 3691 Jesu
1272 3626 1395 3693 Christi

218 3713 266 3777 ad
281 3712 457 3778 Ecclesiam
473 3732 621 3796 sponsam
645 3733 683 3779 ac
697 3717 842 3796 reginam
866 3717 1042 3781 ornandam
1056 3716 1266 3780 varietatibus
1277 3715 1304 3798 ²)
1329 3735 1394 3781 non

224 3806 399 3881 potuerunt
421 3820 549 3866 manere
571 3803 681 3884 irrita3
705 3804 788 3868 unde
812 3810 965 3884 operante
989 3804 1096 3868 divina
1119 3804 1223 3886 gratia
1247 3803 1395 3869 omnibus

223 3888 385 3953 Ecclesiae
408 3890 568 3955 aetatibus
582 3890 709 3971 plurimi
733 3893 898 3973 utriusque
914 3909 1006 3956 sexus
1031 3892 1132 3957 crucis
1149 3891 1267 3956 Christi
1291 3897 1395 3956 secta·

23 4001 24 4005 ¹
123 4024 147 4051 .,,
225 3979 313 4040 tores
336 3977 370 4040 in
392 3976 453 4042 hac
476 3977 528 4041 via
555 3979 658 4059 ipsum
682 3980 850 4043 Dominum
881 3980 991 4044 ducem
1022 3999 1060 4044 ac
1083 3980 1269 4059 magistrum
1293 3981 1395 4044 secuti

142 4062 160 4089 ⁷⁶
225 4068 309 4130 sunt.
368 4065 413 4130 Ut
447 4066 494 4130 sic
527 4067 648 4131 vocatis
682 4066 895 4148 evangelicam
929 4066 1156 4148 perfectionem
1191 4069 1396 4132 consectandi

212 4214 215 4217 Δ
225 4203 437 4215 ---.-.-

337 4274 357 4341 1)
378 4274 419 4332 cr.
440 4275 541 4328 urnath.
560 4275 632 4329 mm
656 4278 695 4328 ll.
715 4279 756 4328 12.
777 4278 889 4329 17-29.

335 4348 355 4412 'J
375 4344 417 4398 cr.
438 4346 482 4399 rs.
504 4346 600 4404 nuru.
621 4348 733 4402 ιιι-ιι.
