2872 4874
591 112 629 159 nu
653 112 832 161 sisennius.
1238 102 1300 161 217

134 253 342 320 beatitudinis
364 252 563 334 evangelium
593 252 747 333 operariis
773 256 809 317 et
838 250 1000 334 opificibus
1023 252 1248 334 praedicantur
1269 259 1302 318 ct

131 341 328 407 zelosissime
351 344 584 421 propagantur,
609 341 673 404 ista
697 340 831 405 societas
866 339 1011 422 opificum
1033 341 1168 406 mammo
1192 359 1302 406 neces-

134 429 223 495 sitati
246 435 281 493 et
302 428 449 493 miseriae
479 432 690 509 opportunam
722 427 878 492 medelam
909 428 1044 509 paravit.
1095 428 1132 493 In
1155 447 1195 493 ea
1216 428 1306 494 eninr

129 516 268 596 juvenes
290 514 428 597 opifices,
451 515 505 597 qui
527 515 620 580 hodie
635 516 820 597 plerumque
843 532 906 579 non
929 522 1025 596 prout
1039 516 1138 597 priori
1160 523 1302 598 tempore

133 611 324 670 consuetum
355 608 434 681 erat,
469 604 502 666 in
541 603 633 667 domo
657 608 690 667 et
713 601 832 666 familia
866 604 948 684 ejus,
983 604 1016 666 in
1051 605 1139 686 cujus
1177 601 1303 669 officina

131 698 318 774 operantur,
343 691 476 772 degunt,
508 691 620 756 sedin
644 689 716 754 aliis
740 690 884 756 domibus
912 689 964 754 vel
987 692 1135 772 cauponis
1157 690 1303 756 habitare

136 786 302 862 coguntur,
324 782 489 860 paternam
512 779 603 858 qnasi
626 778 754 842 domum
784 778 949 843 inveniunt
980 780 1012 843 in
1035 784 1121 843 terra
1143 779 1247 844 aliena
1269 786 1305 844 et

135 867 170 932 in
184 866 328 950 eiusdem
344 866 489 947 praeside
504 865 671 932 sacerdote
686 866 821 930 amicum
837 871 1006 946 paternum
1030 871 1064 931 et
1080 867 1301 932 consultorem.

138 956 182 1021 ln’
197 954 311 1020 eedem
334 955 497 1032 societate,
522 971 604 1035 quae
626 959 781 1018 tesseram
803 953 864 1018 sibi
888 954 986 1035 elegit
1008 972 1135 1019 vocem:
1163 954 1248 1034 ,Ora
1271 959 1303 1019 et

136 1041 284 1109 laboral“
312 1041 476 1106 inveniunt
491 1041 631 1106 scholam
647 1040 781 1120 virtutis,
802 1040 970 1122 religiosae
985 1042 1194 1108 institutionis
1208 1047 1305 1124 atque

136 1131 324 1212 omnigenae
348 1129 543 1209 eruditionis,
567 1147 630 1211 qua
652 1129 774 1210 indiget
796 1127 909 1209 opifex.
955 1128 993 1192 In
1017 1130 1128 1195 eadem
1151 1135 1222 1211 post
1243 1130 1305 1195 dici

140 1218 282 1284 laborem
306 1214 502 1282 contratrum
532 1216 689 1282 sodalium
717 1217 801 1280 laeto
832 1218 1021 1281 commercio
1052 1224 1085 1282 et
1107 1218 1306 1283 recreatione

140 1306 289 1371 fruuntur
310 1305 491 1384 gratissima
513 1309 635 1368 remota
657 1303 696 1367 ab
720 1304 878 1382 omnibus,
909 1321 991 1384 quae
1017 1304 1090 1369 fidei
1113 1305 1306 1371 orthodoxae

138 1399 171 1459 et
191 1392 283 1460 bonis
307 1392 447 1457 moribus
471 1397 544 1456 sunt
568 1392 736 1457 contraria.

243 1478 310 1544 Sub
333 1480 507 1560 patrocinio
534 1479 689 1544 collocata
704 1478 735 1543 S.
752 1479 892 1559 Josephi,
916 1476 1037 1559 opificis
1059 1478 1144 1543 illius
1170 1481 1304 1545 sanctis·

139 1569 219 1646 dmi,
245 1569 279 1631 in
303 1568 394 1650 cujus
410 1567 503 1631 domo
525 1574 559 1631 et
582 1564 708 1632 officina
723 1566 809 1631 Deus
832 1566 927 1630 homo
942 1564 1045 1631 lactus
1062 1568 1137 1648 lpse
1159 1567 1305 1633 habitare

141 1662 171 1721 ct
191 1662 360 1735 tamquam
375 1655 480 1737 opifex
495 1656 618 1735 operari
636 1654 782 1735 dignatus
806 1660 863 1733 est,
886 1653 967 1719 haec
984 1655 1119 1720 societas
1142 1655 1305 1721 celerrime

146 1762 199 1809 uun
234 1742 338 1807 solum
368 1761 428 1823 per
456 1749 557 1806 totam
589 1742 839 1807 archidioecesin
859 1739 1095 1819 Coloniensem,
1127 1743 1305 1808 sedetiam

144 1848 193 1912 per
217 1847 328 1895 omnes
346 1828 533 1893 Germaniae
555 1836 672 1910 partes,
695 1848 733 1893 ac
748 1830 821 1893 dein
837 1846 893 1909 per
907 1828 1091 1910 Ungariam,
1115 1829 1304 1908 Helvetium,

142 1918 233 1983 immo
266 1916 308 1981 ad
330 1915 450 1982 Urbem
473 1918 606 1982 Romam
637 1935 737 1997 usque
765 1922 799 1981 et
827 1915 1063 1995 Alexandriam,
1097 1935 1155 1982 uec
1189 1934 1252 1981 non
1275 1922 1308 1982 et

142 2012 228 2071 nans
253 2003 412 2070 Oceanum
436 2005 477 2069 ad
508 2006 735 2069 remotissimas
758 2005 923 2069 Americae
954 2005 1100 2086 regiones
1130 2010 1307 2086 propagata

141 2100 198 2172 cst,
224 2092 306 2158 adeo
330 2098 367 2156 ut
396 2094 429 2156 in
451 2093 703 2173 praesentiarum
737 2091 808 2179 plus
839 2110 933 2173 quam
958 2097 1022 2158 500
1045 2093 1215 2156 societates
1238 2111 1257 2157 c
1281 2094 1308 2156 i-

140 2181 233 2246 ficum
264 2179 467 2244 inveniantur
501 2175 618 2245 locales
653 2198 724 2246 cum
747 2185 864 2260 80,000
893 2181 1001 2260 sociis,
1034 2179 1147 2260 quibus
1171 2112 1309 2260 singulis:

137 2274 293 2350 praesunt
324 2267 487 2348 praesides
517 2267 635 2332 locales
666 2268 707 2333 ab
740 2268 917 2332 Ordinariis
947 2269 1126 2351 approbati,
1158 2267 1218 2331 sub
1249 2285 1305 2332 au·
1344 2287 1346 2291 ’

138 2356 251 2440 spiclis
274 2361 306 2419 et
336 2355 509 2420 directione
539 2357 631 2420 unius
670 2356 828 2420 Praesidis
859 2356 1030 2436 generalia,
1068 2357 1123 2436 qui
1153 2353 1304 2420 Coloniae

138 2445 262 2508 residet
282 2443 493 2529 abomnibus
515 2444 712 2522 praesidibus
736 2445 865 2509 electus.

245 2529 318 2594 Jam
347 2530 468 2610 pluries
490 2529 713 2596 Sanctissimae
737 2530 849 2608 Peter,
885 2531 936 2595 cui
969 2548 1157 2611 persuasum
1188 2535 1238 2595 est
1267 2530 1308 2595 de

141 2618 281 2682 maxima
302 2617 398 2697 hujus
418 2617 580 2682 societatis
602 2619 802 2695 necessitate,
826 2636 882 2697 pro
900 2617 965 2682 Sua
980 2619 1178 2698 benignitate
1202 2623 1235 2682 et
1258 2634 1307 2682 sa-

140 2706 264 2786 pientia
280 2707 413 2768 eandem
430 2705 561 2768 eximiae
580 2704 819 2770 benevolentiae
835 2705 933 2784 signis
950 2705 1134 2769 certissimis
1148 2705 1310 2771 honorare

142 2793 290 2873 dignatus
314 2801 363 2856 est
385 2799 452 2855 tum
467 2791 568 2856 literis
586 2792 774 2873 Apostolicis
790 2799 822 2856 et
842 2791 1111 2874 indulgentiarum
1135 2793 1307 2876 privilegiis

139 2881 174 2944 in
190 2879 357 2944 Societatis
380 2878 519 2945 favorem
543 2881 709 2959 concessis,
733 2885 802 2944 tum
818 2879 908 2944 donis
934 2899 971 2944 ac
987 2879 1169 2959 bonoribus,
1192 2882 1307 2962 quibus

141 2968 242 3049 ipsius
265 2968 426 3048 praesides
450 2967 610 3032 Sanctitas
630 2966 695 3031 Sne
718 2967 857 3032 donavit.
903 2966 951 3032 Ex
979 2969 1064 3032 omni
1094 2973 1187 3049 parte
1211 2969 1310 3050 igitur

142 3056 275 3136 dignum
299 3062 331 3119 et
349 3056 471 3136 justum
495 3074 552 3119 nec
574 3073 638 3119 non
660 3054 800 3119 salutare
823 3072 894 3120 esse
914 3073 1079 3119 censemus
1102 3062 1197 3136 atque
1220 3056 1309 3120 enixe

138 3142 351 3224 postulamus,
378 3148 433 3221 „ut
456 3141 589 3207 Sacrum
612 3142 784 3208 Concilium
808 3143 997 3207 Vaticanum
1020 3142 1104 3208 hanc
1127 3142 1310 3208 societatem

140 3229 291 3312 opiticum
314 3231 361 3294 rei
392 3230 584 3294 christianae
618 3229 709 3294 valde
738 3228 912 3311 proficuam
946 3249 1003 3311 pro
1033 3230 1146 3296 merito
1177 3229 1310 3294 laudare

137 3326 240 3399 atque
264 3318 484 3382 commendare
507 3318 653 3398 dignetur
676 3322 838 3398 tamquam
866 3318 1039 3383 remedium
1064 3326 1096 3383 et
1118 3316 1310 3398 praesidinm

137 3405 398 3472 efficacissimum
428 3412 539 3470 contra
566 3407 706 3486 ingentia
736 3404 820 3469 mala
848 3412 943 3487 atque
975 3405 1132 3487 pericula,
1163 3421 1245 3485 quae
1272 3422 1311 3469 ex

142 3498 238 3576 parte
254 3491 431 3558 Socialismi
444 3494 588 3574 perversi
603 3494 745 3558 societati
760 3493 915 3557 humanae
931 3500 964 3557 et
977 3493 1129 3576 imprimis
1143 3491 1311 3572 Juvenibus

139 3578 311 3664 opificibus
335 3579 495 3660 labrisque
517 3581 635 3662 ubique
655 3580 817 3646 imminere
841 3580 1103 3662 dignoscuntur“.
1285 3604 1288 3610 ·
1310 3580 1313 3585 ’

137 3709 142 3714 ·
254 3685 374 3749 Romae
398 3683 548 3749 Calendis
571 3685 694 3749 Martiis
719 3690 813 3751 1870.

240 3824 328 3889 Huic
347 3824 562 3903 postulationi
584 3824 841 3904 subscripserant
863 3829 905 3888 30
931 3822 1066 3889 (loracelli
1089 3823 1217 3886 Patres.
1282 3796 1287 3813 x

628 4065 755 4074 ...-·-.--..-
757 4065 832 4073 00000
