2872 4874
514 328 553 374 ou
578 327 758 376 omonimo.
1159 314 1220 409 ltu

77 468 194 532 muneris
226 469 277 533 sui
311 465 419 533 officiis
457 467 575 532 diutius
613 468 813 544 detinentur,
850 470 945 548 prout
981 472 1057 531 sunt
1093 466 1221 549 vigiliae

78 553 217 633 iustorum,
241 557 389 631 sabbam,
420 555 595 620 dominicae
618 556 809 636 praesertim
841 554 996 620 adventus
1026 558 1060 618 et
1082 555 1221 636 quadra·

79 644 202 725 gusinus

469 798 626 864 Rationes
645 799 813 879 postulati.

166 948 192 1004 1.
213 939 313 1006 Juxta
335 940 525 1023 primitivam
556 938 708 1004 breviarii
731 938 983 1022 dispositionem,
1013 942 1115 1004 totum
1137 939 1221 1022 pssl·

81 1027 173 1090 urium
193 1025 327 1110 singolis
349 1027 555 1092 hebdomadis
578 1026 792 1104 recitabatur3
825 1046 909 1092 nunc
931 1046 1007 1093 vero
1030 1032 1221 1109 repetuntur

84 1109 131 1177 lese
143 1132 263 1197 semper
276 1115 373 1180 iidem
388 1113 503 1198 psalmi
526 1115 565 1180 de
582 1115 741 1180 communi
755 1123 957 1197 sanctorum;
980 1114 1054 1180 hinc
1069 1115 1221 1180 minuitur

85 1201 257 1266 recitantium
280 1202 414 1279 devotio,
448 1208 482 1268 et
504 1202 662 1273 amittitur
693 1201 812 1266 fructus
835 1202 889 1282 qui
918 1221 958 1268 ex
980 1201 1114 1270 aliorum
1135 1201 1221 1285 psal·

87 1304 181 1353 norum
203 1291 389 1377 recitatione
412 1290 532 1355 hauriri
555 1295 671 1370 posset.

166 1381 195 1445 2.
217 1376 355 1443 Parochi
377 1384 410 1443 et
440 1376 621 1443 confessarii
641 1378 708 1461 jam
732 1373 911 1460 defatigati,
942 1396 1005 1443 uon
1027 1382 1102 1441 suut
1122 1377 1220 1442 nimio

87 1478 155 1528 onere
174 1465 326 1546 parandi
348 1465 459 1531 diebm
482 1483 580 1546 supra
602 1464 761 1548 expositis.

152 1603 237 1670 Huic
254 1604 468 1686 postulationi
490 1605 749 1685 suscripserunt
771 1608 817 1666 12
842 1602 979 1668 Goacsiii
1001 1603 1130 1671 Patres.

567 1847 745 1855 ---.—--.--—-

586 1859 608 1864 ...
658 1859 746 1866 .....-....-

466 2058 500 2140 5.
541 2056 809 2140 Possumus

120 2230 384 2309 ououuuosu
407 2216 704 2299 urrscorosmu
726 2231 899 2298 rusuuu
922 2229 1165 2300 courusnrs
1226 2249 1230 2257 ·

162 2389 325 2473 Episcopis
346 2391 457 2456 ltaliae
473 2392 628 2471 centralis,
646 2393 700 2472 qui
716 2391 828 2456 sedent
850 2391 882 2454 in
898 2388 1037 2455 Concilio
1053 2389 1217 2471 Vaticano,

78 2477 204 2545 tisimul
238 2479 386 2560 privatim
416 2478 598 2544 consultant
629 2479 661 2543 in
684 2481 801 2543 bonum
833 2477 994 2543 Ecclesiae
1016 2483 1049 2541 et
1071 2478 1101 2540 in
1126 2497 1219 2560 prae-

75 2567 252 2641 uustiouem
276 2583 386 2630 earum
408 2585 523 2646 rerum,
547 2585 630 2647 quae
653 2566 865 2632 conciliariter
887 2566 1085 2647 peragendae
1109 2573 1143 2630 et
1164 2566 1219 2630 de·

74 2645 210 2720 dolendae
232 2659 317 2732 sunt,
340 2655 440 2718 visum
465 2662 515 2719 est
545 2653 613 2719 loro
636 2661 673 2718 ut
695 2654 855 2719 conferret
878 2654 984 2718 ovium
1008 2654 1068 2719 sibi
1089 2670 1219 2719 concre-

10 2758 16 2763 ’·
73 2736 193 2806 diturum
210 2741 364 2823 regimini,
382 2744 409 2806 si
424 2760 505 2823 quae
520 2742 602 2807 inira
617 2742 779 2807 humiliter
794 2741 958 2822 postulant
973 2760 993 2806 a
1008 2741 1220 2807 Sacrosancto

70 2824 209 2894 Vaticana
224 2828 351 2911 Synodo
367 2829 584 2913 approbentur
599 2836 631 2894 et
654 2830 874 2895 decernantur.
909 2829 957 2892 Ea
972 2836 1079 2894 tamen
1099 2827 1219 2895 Summi

10 2924 13 2934 '
66 2911 214 2981 Pontificis
244 2917 364 2998 judicio
402 2919 489 2998 prius
528 2917 733 2999 expendenda
770 2916 954 2997 subjiciunt,
993 2922 1088 2997 prout
1125 2916 1220 2983 Bulla

64 2998 371 3085 Multiplices‘iot'cr
404 3005 565 3085 sapienter
600 3003 745 3086 disponit.
800 3004 881 3068 Sunt
915 3008 1021 3067 autem
1054 3022 1136 3084 quae
1170 3023 1219 3070 se·

62 3097 206 3170 quuntur:

157 3181 182 3245 I.
217 3178 264 3243 Ut
286 3189 361 3245 stunt
376 3197 427 3244 res
450 3179 575 3259 Italiae,
592 3181 625 3244 in
647 3199 712 3262 qus
733 3179 786 3243 lex
801 3178 869 3242 lata
883 3183 932 3244 est
948 3178 987 3242 de
1002 3180 1217 3256 matrimonio,

59 3273 90 3331 ut
111 3269 211 3350 aJ‘uut,
237 3266 333 3347 cicili,
367 3286 449 3348 quae
472 3267 565 3332 valde
588 3269 698 3332 turbat
720 3266 911 3345 Ecclesiam,
947 3283 1077 3331 neccsse
1110 3273 1219 3331 estut

56 3354 200 3436 Episcopi
234 3354 444 3435 expeditiores
478 3355 541 3418 sint
572 3357 604 3419 in
639 3356 787 3419 exercitio
821 3356 870 3418 sui
904 3354 1084 3432 ministerii,
1120 3359 1218 3436 utque

52 3442 184 3523 proinde
207 3459 247 3506 ea
268 3447 505 3522 removeantur,
540 3460 622 3522 quse
645 3443 828 3506 eorumdem
857 3442 1015 3506 actionem
1045 3448 1102 3506 aut
1124 3443 1217 3508 nimis

52 3530 188 3610 lentam,
224 3537 281 3593 aut
315 3548 446 3611 gravem
477 3530 571 3594 nimis
604 3530 756 3609 reddant,
790 3529 831 3594 ad
861 3529 1038 3595 amolienda
1068 3529 1217 3594 scandalo

48 3617 163 3700 legalis
185 3616 422 3682 concubinatus.
476 3617 526 3681 llli
557 3619 638 3681 enim
663 3636 701 3682 ex
723 3616 903 3696 catholicis,
939 3617 1092 3698 quisunt
1120 3618 1217 3696 provi

49 3705 154 3783 corde,
189 3711 224 3768 et
253 3704 337 3768 dora
360 3705 478 3770 ceruice
506 3703 599 3769 facile
631 3704 811 3770 detrectant
844 3703 949 3786 legem
981 3704 1216 3768 sanctissimam

47 3793 244 3858 matrimonii
265 3791 439 3871 christiani,
463 3793 524 3855 nisi
546 3799 675 3872 praesto
698 3793 770 3871 siut
795 3797 828 3856 et
851 3792 978 3871 quidem
1003 3808 1127 3872 semper
1149 3790 1216 3856 fere

46 3881 204 3962 gratuito,
228 3880 479 3961 dispensationes
502 3880 759 3959 matrimoniales
783 3897 865 3960 quae
888 3879 928 3942 ab
950 3877 1094 3943 Ecclesia
1116 3879 1215 3943 ratio·

44 3967 149 4033 nubili
172 3968 212 4032 de
235 3985 348 4032 caussa
371 3967 498 4032 concedi
522 3967 630 4032 solent>
647 3969 688 4032 ab
710 3966 944 4050 impedimentis
963 3964 1043 4045 jnris
1066 3965 1214 4031 ecclosia-

45 4056 131 4120 stici.
177 4054 285 4132 Quare
307 4054 401 4119 iidem
424 4055 573 4137 Episcopi
596 4073 719 4120 summo
742 4055 846 4120 studio
868 4058 997 4134 petunt:

157 4143 194 4207 A.
221 4141 268 4207 Ut
289 4142 472 4222 praedictae
502 4141 754 4224 dispensationes
785 4140 1055 4207 communicentur
1076 4140 1214 4207 maxima

43 4248 116 4314 qua
134 4227 204 4294 dori
225 4233 334 4311 potest
354 4234 388 4294 et
408 4231 559 4310 temporis
587 4237 620 4294 ot
641 4237 787 4312 sumptus
809 4226 1000 4306 oeconomis,
1023 4225 1214 4293 modificetis

43 4320 178 4398 msnper
199 4316 390 4399 quibusdam
412 4321 468 4382 aut
490 4317 691 4382 subobscmis
713 4326 769 4383 aut
783 4313 973 4381 duriusculis
995 4312 1147 4378 formulis
