2872 4874
439 311 479 358 D!
502 310 653 360 moratas
677 311 855 360 carnosior.

544 519 681 586 CAPUT
704 520 741 586 V.

439 660 491 726 De
514 662 625 745 qratia
648 660 846 726 redemtoris.

163 799 320 880 Gratiam,
344 819 428 882 qnae
450 807 580 882 propter
604 799 723 865 Christi
745 799 969 880 Redemptoris
992 801 1105 865 merita
1128 802 1227 867 dona-

59 894 119 969 tnr,
145 887 291 955 Ecclesia
314 889 472 954 catholica
494 889 650 971 ejusmodi
672 906 743 953 esse
766 886 942 968 profitetur,
965 906 1139 970 perquam
1162 904 1226 955 non

60 978 160 1042 solum
183 977 344 1058 apeccati
368 978 522 1041 servitute
538 985 572 1041 et
595 981 754 1058 potestate
770 975 888 1040 diaholi
910 975 1090 1055 liberemur,
1115 995 1226 1042 verum

60 1066 154 1130 etiam
177 1065 293 1145 spiritu
315 1066 430 1129 mentis
453 1071 583 1129 nostrae
612 1065 755 1128 renovati
774 1064 934 1145 justitiam
957 1069 990 1127 et
1013 1065 1225 1146 sanctitatem,

60 1170 149 1233 quam
185 1152 289 1217 Adam
322 1152 483 1234 peccando
518 1153 578 1218 sibi
614 1156 646 1217 et
680 1152 771 1217 nobis
805 1151 953 1232 perdidit,
989 1169 1225 1233 recuperemus.

61 1239 164 1321 Neque
189 1241 287 1322 igitur
309 1238 388 1305 haec
410 1241 516 1321 gratia
537 1246 673 1304 naturae
695 1244 821 1303 tantum
845 1240 927 1303 vires
943 1245 1083 1320 reparat,
1109 1246 1145 1304 ut
1167 1258 1226 1322 per

62 1345 125 1392 cam
147 1327 253 1407 adjuti
275 1327 318 1392 ad
331 1327 510 1393 honestatis
533 1345 676 1392 normam
692 1344 796 1391 mores
820 1331 851 1391 et
874 1332 965 1391 actus
980 1333 1108 1392 nostros
1131 1327 1225 1409 plene

62 1433 247 1498 componere
269 1416 436 1496 possimus,
471 1415 529 1480 sed
550 1415 636 1479 ultra
665 1421 799 1479 naturae
827 1416 979 1479 terminos
1007 1415 1049 1479 ad
1081 1415 1227 1480 coelestis

61 1502 190 1568 hominis
217 1503 238 1566 i.
262 1522 289 1569 e.
314 1500 434 1567 Christi
465 1504 635 1582 imaginem
664 1520 722 1567 nos
751 1500 956 1566 transformat
984 1501 1017 1566 in
1049 1521 1227 1582 novamque

61 1590 154 1655 vitam
177 1596 358 1672 regenerat.
416 1591 453 1655 ln
481 1589 609 1656 Christo
632 1591 713 1655 enim
737 1592 816 1656 Jesu
839 1588 934 1668 elegit
957 1607 1016 1655 nos
1041 1590 1128 1655 Deus
1151 1599 1229 1656 ante

63 1679 166 1744 nundi
191 1679 460 1757 constitutionem,
485 1684 517 1743 et
540 1679 791 1759 praedestinavit
806 1675 982 1743 conformes
1005 1675 1074 1742 fieri
1096 1678 1227 1758 imagini

65 1765 127 1830 Filii
149 1768 214 1846 sni,
250 1771 287 1830 ut
310 1767 353 1830 sit
377 1770 444 1849 ipse
474 1767 702 1848 primogenitus
726 1767 757 1829 in
782 1765 890 1830 multis
913 1763 1076 1830 fratribus.
1133 1764 1226 1831 Unde

66 1852 135 1918 hanc
162 1853 259 1919 nobis
292 1853 482 1921 charitatem
514 1854 602 1918 dedit
624 1853 731 1930 Pater,
767 1859 803 1916 ut
831 1872 868 1918 ex
892 1851 960 1917 Deo
992 1854 1060 1916 nati
1087 1851 1144 1917 filii
1167 1854 1226 1919 Dei

69 1942 256 2007 nominemur
279 1947 312 2006 et
334 1944 442 2008 simus.
464 1941 549 2019 ‘Qua
563 1942 690 2022 quidem
713 1939 849 2006 filiorum
871 1940 1042 2020 adoptione
1065 1940 1226 2006 redditum

75 2029 145 2094 uubis
168 2034 222 2094 est
245 2028 325 2094 illud
349 2031 472 2096 diuinae
501 2035 634 2094 naturae
658 2029 857 2105 consortium,
885 2028 970 2108 quod
991 2047 1076 2094 nunc
1099 2027 1226 2094 inchoa-

80 2118 125 2180 tm
141 2135 204 2198 per
227 2117 374 2199 gratiam,
399 2117 570 2198 aliquando
593 2117 861 2181 consummabitur
883 2117 917 2179 in
939 2116 1049 2198 gloria.
1104 2115 1225 2196 Spiritu

78 2219 128 2268 tero
150 2204 236 2283 Filii,
262 2222 354 2286 quern
377 2208 465 2271 Deus
496 2206 583 2268 misit
605 2205 637 2268 in
661 2205 756 2269 corda
778 2208 897 2282 nostra,
930 2204 1018 2268 uncti
1041 2208 1074 2268 et
1097 2205 1225 2283 sacrati,

73 2291 211 2372 tenplum
235 2292 394 2372 quoddam
417 2293 542 2359 divinae
564 2293 743 2374 majestatis
766 2290 928 2368 efficimur,
951 2292 985 2355 in
1008 2309 1070 2372 quo
1086 2289 1225 2356 Trinitas

68 2387 262 2445 sacrosancta
285 2379 441 2461 habitare,
477 2398 574 2462 seque
598 2382 699 2460 ipsam
730 2380 856 2444 animae
883 2377 969 2444 fideli
992 2380 1225 2444 communicare

66 2464 213 2546 dignatur,
239 2467 363 2532 dicente
379 2467 506 2534 Christo
522 2468 670 2533 Domino:
693 2466 813 2546 Siquis
836 2466 940 2549 diligit
963 2486 1023 2546 me,
1047 2484 1224 2531 sermonem

66 2570 161 2618 neum
185 2555 338 2637 servabit,
367 2562 399 2621 et
422 2556 519 2622 Pater
547 2574 637 2620 meus
660 2555 770 2637 diliget
793 2573 875 2633 eum,
908 2561 941 2619 et
963 2555 1004 2619 ad
1026 2573 1098 2619 eum
1121 2556 1226 2620 venie-

63 2656 133 2722 mus,
157 2647 193 2707 et
216 2643 412 2708 mansionem
439 2644 526 2727 apud
549 2662 622 2708 eum
644 2641 798 2708 faciemus
822 2644 925 2720 (Joan.
952 2649 1001 2722 14,
1028 2642 1101 2725 23.).

10 2782 14 2791 .
160 2729 271 2808 Quare
295 2730 355 2796 hoc
378 2750 502 2813 quoque
523 2731 696 2796 tenendum
719 2736 752 2794 et
773 2730 815 2794 ab
837 2731 982 2795 omnibus
1005 2728 1124 2794 Christi
1147 2728 1225 2795 fide-

11 2826 14 2833 ·
59 2813 135 2881 libus
157 2815 372 2898 profitendum
395 2825 452 2898 est,
476 2817 723 2884 sanctificantem
746 2819 891 2900 gratiam,
915 2836 979 2899 qua
1001 2817 1068 2882 Deo
1092 2819 1223 2900 conjun-

60 2905 166 2985 gimur,
191 2923 255 2971 non
278 2907 310 2970 in
333 2913 463 2972 externo
486 2912 610 2971 tantum
632 2906 740 2972 favore
764 2907 824 2971 Dei
846 2907 1028 2984 consistere,
1065 2923 1167 2986 neque
1190 2907 1223 2970 in

60 2993 178 3058 actibus
213 2998 338 3058 tanturn
372 2995 647 3075 praetereuntibus
675 2995 818 3076 reperiri,
853 2993 909 3058 sed
941 3010 1130 3074 permanens
1153 3010 1225 3058 esse

59 3078 172 3144 donum
195 3082 450 3162 supernaturale,
474 3082 559 3162 quod
583 3083 734 3147 divinitus
760 3080 897 3146 inlusum
921 3082 1046 3145 animae
1069 3081 1224 3160 inhaeret,

59 3170 120 3231 tam
142 3169 177 3232 in
191 3168 310 3234 adultis
329 3169 519 3253 justificatis,
542 3180 638 3251 quam
662 3173 694 3235 in
716 3169 890 3235 infantibus
912 3169 1070 3249 baptismo
1093 3185 1225 3249 regene-

59 3255 144 3319 ratis.
202 3255 291 3322 Haec
312 3257 446 3323 hominis
478 3276 537 3340 per
566 3257 767 3322 incarnatum
791 3256 928 3322 Verbum
956 3256 1120 3320 renovatio
1143 3255 1223 3320 illud

59 3348 105 3406 cst
133 3344 321 3425 mysterium
356 3365 376 3409 a
410 3345 545 3410 saeculis
580 3345 808 3423 absconditum,
849 3361 911 3424 quo
943 3342 1039 3422 Deua,
1074 3359 1155 3422 quae
1190 3343 1223 3407 in

58 3429 157 3579 primo
180 3431 284 3496 Adam
317 3432 506 3498 mirabiliter
530 3433 724 3511 condiderat,
758 3431 936 3496 mirabilius
958 3431 990 3494 in
1014 3429 1222 3496 secundare

68 3520 214 3583 armavit.

161 3606 367 3688 Deploranda
401 3614 508 3672 autern
542 3625 652 3672 eorum
676 3611 726 3671 est
747 3608 896 3685 caecitas,
926 3606 982 3686 qui
1005 3603 1124 3669 Christi
1147 3605 1221 3669 reli·

56 3692 158 3775 gioria
181 3695 266 3776 quod
288 3695 540 3777 supernaturalis
555 3696 606 3774 sit,
630 3699 765 3759 naturae
787 3694 944 3760 humanae
959 3692 1107 3776 dignitati
1130 3692 1223 3757 dero-

55 3781 133 3862 gari,
158 3800 293 3864 eamque
316 3783 458 3860 libertati
482 3801 518 3848 ac
540 3781 684 3848 felicitati
707 3783 820 3848 obesse
842 3783 1049 3847 arbitrantur.
1083 3779 1222 3846 Tantum

54 3869 138 3933 enim
162 3869 264 3950 abest,
299 3876 336 3934 ut
357 3870 437 3936 haec
471 3871 578 3936 divina
605 3871 764 3935 institutio
798 3869 957 3935 hominem
985 3868 1150 3950 deprimat,
1185 3876 1222 3934 ut

54 3974 125 4021 eum
150 3958 268 4022 mirum
290 3959 324 4022 in
346 3958 474 4023 modum
497 3959 625 4024 exaltet.
671 3958 838 4040 Apeccati
860 3958 945 4023 enirn
967 3957 1121 4023 servitute
1142 3955 1223 4021 lihe-

54 4049 160 4108 ratum
191 4045 233 4110 ad
257 4045 427 4111 coelestem
461 4045 594 4126 gloriam
622 4047 667 4110 ita
695 4045 902 4126 disponitur
933 4049 1067 4109 naturae
1098 4061 1223 4124 quoque

53 4131 145 4197 dotes
168 4138 275 4214 ornet,
299 4138 356 4198 aut
378 4131 531 4214 perficiat.
577 4132 686 4215 Neque
716 4135 820 4197 minus
842 4131 981 4214 proiecto
1005 4131 1224 4196 abhorrendus

52 4237 151 4300 error,
185 4238 248 4301 quo
281 4219 411 4302 quidam
445 4221 682 4302 supernaturali
707 4221 767 4286 Dei
801 4221 992 4286 ordinationi
1025 4219 1219 4300 resistentes,

51 4305 139 4372 intra
161 4311 305 4373 naturae
328 4306 406 4373 fines
438 4310 550 4375 sistere
576 4327 679 4390 neque
708 4308 794 4373 ultra
820 4307 913 4388 hujus
941 4309 1023 4372 bona
1049 4307 1222 4388 quidquam
