2872 4874
554 367 593 413 oa
615 367 797 415 orsmmma
1196 354 1258 415 209

116 508 236 589 lirp‘ne,
272 507 360 571 illum
384 505 503 570 Christi
525 494 669 570 Patran'
686 507 805 588 passim
835 506 1025 588 nuncupari,
1057 507 1113 571 sed
1141 511 1173 570 et
1197 506 1261 572 Do

116 596 216 658 amum
246 594 400 659 Nostrum
421 593 530 658 lesum
554 592 730 674 Christum,
764 596 798 659 in
828 595 939 660 diebus
963 592 1073 658 Carnis
1105 612 1198 675 suae,
1229 595 1260 660 ei

116 688 262 764 amquam
286 681 382 746 Patri
405 681 566 746 humiliter
589 682 719 748 subesse
742 683 914 764 dignatum,
936 682 1078 762 legimus.

200 767 398 849 infrascripti
415 768 585 834 Sacrorum
609 770 792 850 Antistites,
819 770 897 835 baec
920 770 1003 835 serio
1025 768 1260 851 perpendentes

116 858 255 938 simulque
283 857 383 938 probe
414 863 582 921 noscentes
613 875 764 939 magnum
798 859 852 922 diu
879 858 912 923 in
943 856 1027 923 Orbe
1054 856 1260 922 exardescere

116 946 289 1010 tesiderium
312 955 349 1008 ut
364 943 476 1008 Sancti
498 943 619 1024 Josepb
642 944 787 1026 publicus
807 946 922 1025 cultus,
945 949 1096 1026 quantum
1118 963 1178 1025 par
1200 950 1259 1023 est,

116 1039 263 1115 lugeatur,
286 1033 386 1096 enixis
408 1032 556 1111 precibus
585 1039 679 1097 orant
710 1039 808 1113 atque
837 1035 1053 1112 obtestantur,
1080 1039 1118 1097 ut
1148 1031 1260 1097 Sacro·

116 1125 208 1186 ancta
224 1118 437 1184 Oecomenica
451 1118 594 1201 Synodus
618 1118 787 1197 Vaticana,
810 1127 861 1185 tot
884 1122 1045 1201 tantisque
1066 1121 1149 1184 votis
1170 1119 1261 1185 incli-

116 1214 181 1285 nata,
204 1226 265 1289 pro
288 1225 348 1271 sua
369 1207 560 1271 auctoritate
583 1206 764 1271 solemniter
787 1208 951 1274 decernat:

206 1302 234 1359 l.
269 1293 322 1372 Ut,
347 1294 611 1375 quemadmodum
634 1294 759 1359 Beatus
774 1295 905 1375 Josepb,
930 1312 988 1360 ceu
1016 1294 1117 1361 Pater
1132 1293 1260 1373 Christi,

116 1387 188 1448 tanto
212 1383 324 1448 melior
347 1383 501 1445 creaturis
516 1382 662 1446 omnibus
685 1379 815 1447 effectus
838 1382 907 1462 luit,
931 1389 1050 1464 quanto
1067 1382 1262 1448 differentius

116 1488 172 1551 prae
193 1471 258 1535 illis
273 1488 387 1535 nomen
401 1469 623 1547 haereditavit,
648 1470 691 1533 sic
710 1470 846 1550 ipsimet,
870 1488 928 1551 per
948 1468 1115 1536 Sacrorum
1131 1470 1261 1534 Rituum

116 1555 401 1641 tongregationem,
436 1556 581 1638 publicus
613 1557 717 1621 dubae
743 1556 848 1622 cultus
875 1558 908 1621 in
931 1557 1073 1623 Ecclesia
1096 1555 1262 1623 Catholioa

116 1651 193 1728 omne
223 1648 257 1710 in
280 1645 378 1710 Sacro
408 1644 568 1726 Liturgia,
601 1651 673 1727 post
695 1644 829 1710 Beatam
861 1645 919 1709 Dei
950 1643 1154 1727 Genitricem,
1184 1663 1262 1727 prae

116 1735 243 1799 omnibus
267 1732 432 1797 caelitibus
454 1735 487 1797 in
510 1738 672 1813 posterum
694 1733 868 1809 tribuatur3

203 1827 233 1885 2.
268 1820 314 1886 Ut
351 1820 433 1885 idem
464 1820 601 1884 Sanctus
623 1819 758 1899 Josepb,
791 1820 842 1886 cui
864 1837 976 1885 sacrae
1000 1819 1135 1884 familiae
1157 1822 1262 1886 tutela

116 1907 207 1974 clleo
228 1910 296 1990 iam
330 1909 452 1973 credita
479 1907 553 1985 fuit,
585 1909 751 1972 universae
781 1907 944 1974 Ecclesiae
974 1906 1159 1987 Primarius,
1188 1916 1262 1990 post

118 1993 318 2061 latissimam
341 1997 514 2077 Virginem,
537 1994 704 2058 Patr-onae
726 1994 891 2061 habeatur.

116 2148 183 2218 llcic
198 2153 433 2234 postulationis
450 2151 610 2230 samaiae
624 2152 884 2232 subscripserant
897 2157 960 2216 153
978 2149 1117 2216 Caecilii
1131 2150 1259 2217 Patres.

575 2393 786 2413 ἴέῒ-Ζζπ

481 2672 552 2756 16².
583 2672 888 2756 Postumium

358 2831 415 2895 no
439 2830 619 2895 anunm
640 2831 731 2895 nam
755 2828 1000 2896 inarmans.

205 2992 232 3053 Α
261 2987 359 3053 Sacra
389 2988 600 3053 Oecumenica
629 2985 755 3068 Synodo
786 2984 943 3051 Vaticana
973 3005 1030 3051 nos
1059 2987 1263 3071 infrascripti,

116 3085 208 3144 rostro
231 3083 264 3142 et
286 3075 490 3156 Regularium
514 3074 736 3154 Famibmnm,
769 3074 882 3156 quibus
904 3092 1106 3157 praesumus,
1138 3077 1265 3162 nomine

116 3165 261 3230 lumiliter
284 3171 318 3228 et
339 3165 495 3228 instanter
510 3159 723 3244 efflagitamus
739 3169 784 3241 ut,
809 3163 851 3226 ad
865 3163 1019 3246 majorem
1035 3163 1096 3227 Dei
1118 3162 1263 3245 gloriam,

116 3252 216 3319 tSmae
240 3252 396 3332 Deiparae
421 3250 559 3332 Virginis
589 3250 756 3329 honorem,
781 3255 813 3315 et
842 3250 979 3315 omnium
1004 3247 1265 3317 Christifidelium

116 3342 233 3405 utelam
257 3345 352 3421 atque
376 3337 623 3403 consolationem
645 3336 722 3401 velit
745 3336 775 3403 S.
795 3336 1010 3403 Patriarcham
1033 3338 1162 3418 Josept,
1187 3340 1265 3406 Jesu

116 3427 220 3493 lbristi
242 3428 369 3492 Domini
391 3425 499 3490 Nostri
522 3425 688 3489 nutritium
704 3424 841 3503 Patrem,
866 3426 1069 3508 ejusdemque
1091 3424 1128 3489 B.
1143 3426 1265 3491 Mariae

116 3517 241 3600 lirginis
265 3515 431 3597 Sponsum,
458 3512 637 3577 Conciliari
662 3509 903 3592 Constitutione,
932 3512 1133 3579 Universalic
1155 3512 1264 3577 Eccle-

116 3605 167 3669 iae
198 3604 350 3668 caiaziam
379 3621 416 3665 aa
439 3600 640 3680 primariam
668 3597 849 3664 Patroaam
876 3600 1061 3669 solemniter
1090 3600 1264 3680 declarare,

117 3693 292 3756 anstituere
315 3694 410 3770 atque
434 3689 612 3752 decernere.

578 3865 787 3872 -ρ--Μ

208 4003 370 4067 Permulta
403 4008 509 4068 autem
543 4009 619 4066 sunt
652 4003 811 4066 rationum
833 4008 1006 4081 momenta,
1040 4019 1121 4082 quae
1144 4019 1201 4066 nos
1224 4002 1265 4066 ad

119 4093 276 4176 upplicem
299 4091 383 4155 hunc
406 4090 548 4155 libellum
573 4087 766 4154 offerendum
790 4095 917 4154 movent
940 4108 978 4154 ac
999 4087 1065 4153 fere
1087 4088 1264 4170 impellunt,

116 4199 246 4264 puaeque
268 4179 358 4244 nobis
380 4197 529 4260 magnam
552 4196 641 4259 spem
663 4178 826 4258 ingerunt,
841 4259 843 4264 Ι
857 4176 937 4254 iore,
962 4181 998 4240 ut
1020 4183 1224 4258 peramanter
1246 4196 1266 4241 a

116 4273 198 4335 locro
215 4268 371 4332 Vaticano
388 4265 525 4330 Concilio
542 4265 730 4346 excipiatur3
753 4272 788 4329 at
802 4283 843 4330 ne
863 4266 993 4328 nimium
1009 4265 1133 4328 onerosi
1156 4265 1264 4345 simus,

116 4358 228 4423 ›otiora
250 4353 420 4435 seligimus
444 4361 540 4434 atquc
564 4354 680 4418 cursim
703 4371 741 4416 ea
763 4369 973 4417 recensemus.

153 4473 283 4527 Martia,
296 4474 451 4517 Documenta
1125 4477 1159 4527 14
1209 4482 1213 4503 l
