2872 4874
572 123 612 170 nr
634 121 814 171 nrscrrnrua
1217 109 1277 170 165

136 263 221 346 quoad
248 262 378 346 antiqua
411 261 582 346 privilegia
605 260 862 327 Patriarcbarnm
893 264 926 327 et
950 260 1278 344 metropolitanorum,

137 357 160 418 ct
176 351 276 435 quoad
299 350 528 433 Episcopornm
554 349 749 431 electionem,
774 348 1043 415 confirmationem
1064 352 1097 413 et
1114 350 1200 432 jnra.

222 444 256 504 ι’
277 437 311 504 Si
333 437 411 520 quid
434 437 654 518 corrigendum
678 435 765 520 apud
779 437 864 518 ipsos
885 436 1040 515 videatur,
1064 438 1149 517 quod
1170 443 1278 504 tamen

138 525 235 592 differri
255 527 364 608 possit,
388 524 562 607 prudenter
584 529 759 603 taceretur,
783 543 845 590 non
869 524 1061 590 attendendo
1082 525 1277 608 impraesen-

136 615 233 678 tiarum
255 614 316 678 nisi
339 611 381 679 ad
402 631 557 677 summam
580 631 658 691 rem,
682 613 830 677 unionem
852 612 1009 692 videlicet,
1032 618 1065 678 et
1087 610 1221 679 fidenter
1244 615 1277 680 in

138 702 249 767 Domino
270 700 429 784 sperando
452 701 546 782 qnod,
569 703 738 782 postquam
760 701 842 765 uniti
870 698 998 780 fuerint,
1022 699 1178 768 charitate
1201 702 1272 768 uui·

139 791 197 856 tatis
217 794 250 854 et
271 788 389 854 lumine
412 789 556 853 veritatis
580 804 617 853 eo
640 787 848 867 adducentur,
872 794 909 853 ιιι
931 794 1043 870 sponte
1064 807 1277 871 quaecumque

142 877 337 943 emendatione
359 875 455 958 digna
477 873 604 955 luerint,
628 875 688 956 ipsi
712 875 889 940 emendent.

224 970 256 1029 5⁰
277 961 358 1028 Cum
380 963 561 1046 ignorantia
582 981 645 1027 nna
668 963 710 1028 sit
732 981 750 1028 e
772 963 950 1045 praecipuis
984 964 1087 1029 causis
1117 983 1175 1046 per
1197 982 1276 1045 quas

142 1051 339 1119 inscbismate
371 1051 547 1117 retinentur
569 1057 602 1115 et
630 1049 860 1130 obdurescunt,
894 1050 972 1115 nihil
1004 1051 1216 1133 negligeretur
1239 1058 1275 1117 ut

143 1139 197 1221 ipsis
217 1158 310 1205 verae
334 1140 483 1205 scientiae
507 1137 683 1204 catholicae
706 1138 813 1202 lumen
836 1137 1002 1220 allulgeat:
1026 1139 1068 1202 ad
1090 1139 1174 1219 qnod
1197 1140 1277 1205 mul-

145 1231 190 1291 tnn
206 1227 382 1305 inserviret,
416 1227 443 1292 si
465 1227 498 1291 in
519 1226 645 1291 illorum
668 1226 810 1307 partibus
845 1225 946 1292 creari
968 1232 1098 1308 possent
1120 1227 1277 1307 quaedam

145 1316 309 1381 nonmmria
330 1315 381 1380 vel
404 1314 535 1396 collegia
558 1314 706 1392 virorum,
730 1315 849 1396 pietate
872 1314 1067 1395 scientiaque
1095 1315 1275 1398 insignium,

143 1403 184 1482 qui,
203 1421 314 1486 graece
335 1403 479 1467 viventes
502 1406 535 1466 et
557 1420 670 1483 graece
693 1407 837 1481 orantes,
867 1402 980 1476 studiis
1008 1402 1151 1467 omnibus
1176 1403 1276 1469 eccle·

144 1489 258 1571 rusticis,
282 1491 418 1554 maxime
440 1507 515 1554 vero
539 1489 675 1569 graecis,
706 1495 792 1555 totos
815 1508 849 1554 se
880 1489 1006 1569 darent,
1040 1490 1196 1571 simulque
1219 1509 1276 1572 per

145 1574 274 1658 lectiones,
299 1578 554 1660 praedicationes
570 1583 603 1642 et
618 1578 739 1658 scripta
765 1596 872 1642 veram
888 1577 1064 1643 doctrinam
1091 1584 1276 1659 spargerent

146 1669 166 1728 ct
180 1665 342 1748 discipulos
366 1663 577 1730 efformarent.
725 1712 729 1727 ι

100 1777 103 1785 ·
220 1759 253 1818 6ο
275 1753 480 1819 Haberentur
504 1752 622 1817 Romae
645 1753 755 1818 selecti
778 1753 875 1833 aliqui
903 1752 975 1831 viri,
1006 1770 1068 1817 non
1092 1751 1181 1816 latini
1204 1757 1275 1817 tan·

152 1842 195 1919 lun,
214 1841 271 1906 sed
295 1848 329 1907 et
351 1841 467 1922 graeci,
490 1858 660 1920 rerumque
682 1859 866 1920 graecarum
889 1840 981 1922 gnari
1004 1844 1036 1904 et
1055 1840 1275 1920 expertissimi,

149 1926 325 2005 quanctae
349 1927 424 1993 Sedi
458 1926 651 2010 apostolicae
679 1928 712 1990 in
740 1929 884 1994 omnibus
908 1928 949 1992 ad
976 1945 1106 2010 graecos
1129 1932 1276 2008 spectan-

145 2012 201 2082 tibus
221 2035 240 2081 a
263 2016 403 2082 conciliis
427 2021 543 2082 essent.

142 2201 369 2287 bartolomeo,
389 2208 437 2273 rel
455 2208 662 2288 duplicando,
681 2209 819 2274 marimo
838 2208 873 2272 iu
889 2206 1038 2290 jacerem
1053 2205 1275 2288 Orientalium,

325 2333 421 2380 sacra
446 2311 696 2398 Ooaprepate'one
718 2314 958 2397 Propopaadue
978 2313 1065 2394 fidei.

220 2453 300 2519 Cum
322 2454 505 2519 missionum
528 2456 723 2536 prosperitas
752 2459 785 2519 et
816 2453 1003 2535 populorum
1031 2452 1204 2519 infidelium
1225 2453 1276 2520 vel

90 2604 92 2621 ι
140 2540 365 2608 acatholicorum
389 2543 551 2607 conversio
575 2542 709 2606 maxime
733 2541 871 2623 pendeat
894 2559 913 2605 a
936 2541 1085 2622 prudenti
1112 2548 1145 2607 et
1167 2541 1277 2607 solerti

139 2623 338 2694 distributione
361 2629 427 2694 sive
450 2631 666 2710 operariorum
690 2627 949 2710 apostolicorum,
980 2629 1047 2694 sive
1070 2631 1221 2710 pecuniae
1244 2636 1278 2694 et

136 2710 248 2781 aliorum
271 2716 458 2782 auxiliorum
474 2735 555 2798 quae
570 2714 680 2781 fideles
695 2735 752 2798 pro
767 2715 842 2780 fidei
856 2717 1085 2799 propagatione
1102 2717 1276 2797 conferunt,

90 2860 92 2883 ,
137 2815 219 2871 ronne
251 2805 453 2870 utilissimum
488 2810 571 2869 esset
602 2802 865 2886 Oongregationis
901 2803 1004 2868 dictae
1036 2803 1276 2886 Propopoodoe

136 2883 212 2957 Fidei
232 2892 427 2972 divisionem,
451 2909 507 2957 seu
524 2891 768 2974 duplicationem
783 2889 860 2970 fieri,
885 2896 917 2956 et
937 2891 1016 2956 duas
1032 2891 1129 2956 veluti
1151 2893 1276 2957 institui

136 2970 371 3062 Propopamdos:

90 3106 92 3133 !
220 3067 371 3147 Alteram,
396 3086 453 3148 pro
477 3065 617 3146 Oriente,
642 3085 705 3133 non
727 3067 817 3131 unice
841 3085 898 3133 nec
919 3066 1090 3149 praecipue
1106 3066 1146 3130 ex
1167 3066 1275 3132 latinis

90 3154 92 3161 '
136 3142 286 3235 Praelatis,
309 3155 367 3231 sed
390 3174 428 3219 ex
452 3154 666 3221 Orientalibus
690 3173 829 3237 quoque,
865 3161 898 3220 et
928 3155 1065 3220 omnium
1097 3154 1276 3238 linguarum

136 3230 255 3307 Orientis
277 3243 353 3307 viris
376 3242 624 3320 coalescentem;

220 3330 363 3396 Alteram
384 3349 442 3411 pro
466 3330 646 3412 regionibus
662 3327 844 3409 infidelium,
870 3349 908 3394 ex
923 3329 1085 3410 Episcopis
1102 3334 1157 3393 aut
1172 3346 1277 3394 sacer-

136 3403 240 3483 dotibus
262 3415 458 3483 efformatam
481 3417 535 3498 qui
556 3417 746 3482 missionam'i
774 3416 908 3497 fuerint,
945 3422 977 3481 et
1003 3435 1043 3482 ex
1064 3416 1275 3498 Regularibus

134 3498 176 3594 lli
194 3509 223 3569 et
243 3507 304 3588 ipsi
326 3505 526 3570 missionibus
548 3505 757 3584 inservierint,
781 3511 813 3570 et
836 3505 877 3569 ad
907 3506 1012 3570 varios
1035 3503 1169 3569 Ordines
1200 3503 1276 3567 mis·

135 3590 254 3657 sonibus
277 3592 495 3658 incumbentes
519 3592 759 3674 pertinentibus.

220 3680 287 3758 Quo
311 3681 394 3745 enim
417 3679 529 3745 melius
552 3699 603 3744 res
626 3680 810 3746 missionum
839 3679 974 3760 intelligi
997 3677 1183 3744 attractari
1205 3694 1277 3758 pos·

133 3763 198 3843 illi,
219 3785 312 3850 quam
337 3786 356 3832 a
378 3767 453 3832 viris
476 3768 529 3849 qui
553 3777 585 3832 et
606 3769 751 3850 regiones
774 3768 853 3832 istas
869 3767 1056 3849 longinquas
1078 3764 1274 3842 incoluerint,

133 3845 160 3903 li
176 3854 298 3921 suismet
320 3854 420 3920 oculis
442 3855 582 3921 viderint
604 3857 673 3937 quis
696 3856 738 3920 sit
760 3873 835 3921 vere
863 3873 968 3919 rerum
997 3860 1094 3935 atqua
1115 3851 1276 3918 hominnm

133 3931 221 4006 status
241 3943 274 4007 in
295 3942 345 4007 his
371 3941 537 4025 partibus?

221 4027 299 4095 Cum
322 4037 428 4094 autem
450 4030 548 4096 totius
570 4030 732 4096 Ecclesiae
756 4029 893 4112 episcopi
916 4029 1050 4095 sollicite
1074 4033 1193 4108 curent,
1225 4026 1275 4092 vel

132 4113 227 4181 curare
248 4117 392 4198 debeant,
416 4118 678 4199 propagationem
701 4117 866 4199 Evangelii
885 4155 920 4164 —
940 4135 977 4181 ex
1000 4117 1143 4182 omnibus
1159 4115 1275 4198 quippe
