2872 4874
129 339 198 399 2⁶22
634 349 803 398 rosunum

240 490 322 556 Hinc
338 508 409 556 cum
419 489 616 555 uashssimos
627 490 712 554 inter
725 493 847 554 tractus
862 488 1021 570 spirituaii
1032 495 1142 556 nostro
1153 490 1272 575 regimini
1309 510 1313 524 ²

130 579 329 645 concreditos
353 578 577 656 Mahometani,
594 582 821 659 protestantes,
845 576 1037 643 schismatici
1060 584 1094 644 et
1109 578 1272 644 societatum

133 672 329 732 secretarum
344 664 486 732 fautores
500 664 579 729 nihil
601 682 664 730 non
679 662 861 747 relinquant
875 664 1023 729 inausum
1045 665 1087 731 ad
1098 664 1272 751 juventutem

134 753 335 820 alliciendam
367 760 400 819 et
419 753 676 835 pervertendam,
711 753 804 818 ualde
834 751 1010 834 optandum
1033 758 1083 818 est
1115 757 1152 818 nt
1172 752 1272 822 schola

128 841 343 920 omnimodas,
375 839 657 922 orphanotrophia,
691 840 866 906 Seminaria
896 838 1019 920 alioque
1051 838 1225 922 hujusmodi
1241 842 1273 907 iu·

133 930 248 995 stituta
270 930 424 1012 majorem
446 930 479 994 iu
494 946 660 993 numerum
675 929 914 993 instaurarent
937 933 1118 994 sustentare
1131 929 1272 1012 possimus,

133 1024 202 1082 tum
225 1018 266 1082 ad
290 1015 471 1083 Catholicos
492 1016 624 1099 juvenes
644 1017 737 1098 juxta
759 1015 790 1082 S.
807 1014 980 1098 Religionis
1004 1012 1187 1082 Catholicae
1207 1018 1273 1100 prin·

130 1106 217 1187 cipia
240 1103 433 1184 educandos,
465 1109 534 1169 tum
557 1102 598 1168 ad
619 1103 751 1169 idoneos
773 1104 935 1185 operarios
958 1103 991 1168 iu
1014 1102 1178 1171 Dominica
1206 1105 1274 1172 rhea

132 1190 354 1271 instituendos,
370 1196 438 1256 tum
454 1192 607 1258 etiamad
629 1191 807 1257 haereticos
823 1195 857 1256 et
872 1189 1090 1258 schismaticos
1106 1190 1148 1258 ad
1165 1192 1273 1259 unihtis

134 1279 296 1346 vinculum
319 1280 525 1346 reducendos.

240 1367 291 1432 Ad
312 1367 396 1433 hunc
418 1371 484 1432 tam
506 1366 616 1432 utilem
638 1383 769 1447 scopum
792 1366 1006 1446 obtinendum,
1030 1371 1166 1448 patema
1181 1365 1273 1433 Sanni

135 1452 298 1520 Pontificis
320 1455 541 1521 benevolentia
559 1458 738 1535 uestraque,
765 1453 968 1519 venerabiles
990 1451 1114 1536 Patres,
1144 1455 1219 1521 hauc
1236 1473 1274 1520 no·
1317 1510 1319 1527 ,

136 1545 236 1606 stram
259 1561 321 1608 non
344 1543 535 1625 dedignetur
556 1542 706 1608 exaudire
728 1540 988 1625 postulationem,
1024 1558 1088 1625 qua
1116 1543 1274 1628 supphcitor

136 1631 282 1711 petimus,
306 1635 342 1694 ut

247 1718 353 1796 ,Inter
375 1719 512 1798 decreta,
536 1735 618 1799 quae
642 1717 682 1782 dc
705 1716 905 1782 missionibus
929 1714 1102 1786 Catholicis
1124 1716 1179 1785 SS.
1200 1719 1275 1801 Occu·

137 1806 278 1871 monicae
302 1805 427 1888 Synodo
452 1805 625 1871 Vaticanac
648 1811 878 1887 proponentur,
912 1823 1011 1871 unum
1034 1808 1214 1891 adjiciatur,
1233 1820 1273 1891 qut

131 1892 215 1958 fiPiae
239 1892 362 1974 Operae
393 1893 577 1959 Scholarum
612 1892 820 1957 Orientalium
844 1899 1061 1974 nuncupatae,
1092 1903 1126 1961 et
1155 1890 1273 1960 solemnis

137 1982 178 2048 ab
201 1980 347 2046 Ecclesia
371 1980 562 2047 consecratio
585 1985 618 2046 et
640 2000 723 2045 noua
746 1980 977 2047 commendatio
1000 1984 1189 2048 tribuatur.“

245 2067 437 2134 Confidimus
461 2069 546 2133 enim
568 2067 635 2133 fore
651 2074 688 2133 ut
710 2068 822 2134 exinde
844 2067 983 2133 fidelium
999 2071 1199 2153 adaugeatur
1213 2066 1273 2134 relus

138 2161 171 2220 et
193 2157 349 2239 ampliora
371 2159 460 2222 nobis
483 2156 559 2222 Piae
575 2154 699 2238 Operae
722 2157 965 2239 suppeditentur
987 2158 1131 2224 subsidia
1155 2158 1198 2224 ad
1212 2153 1270 2221 colh-

137 2245 256 2324 gendos
287 2244 452 2326 parvulos,
487 2245 541 2326 qui
571 2261 684 2325 panem
720 2245 804 2308 uitae
827 2250 859 2309 et
885 2243 1065 2310 intellectus
1095 2246 1273 2340 undequaque

137 2336 294 2412 petentes,
319 2351 358 2396 ne
382 2332 480 2396 ullum
504 2331 631 2413 quidem
653 2331 716 2396 huc
738 2350 839 2412 usque
860 2332 1008 2398 invenere
1031 2335 1224 2416 magistrum,
1240 2345 1277 2412 qu

137 2417 300 2503 frangeret
324 2421 378 2498 eis,
401 2421 474 2500 quia
497 2419 619 2482 auxiliis
644 2419 786 2484 destituti
809 2418 924 2483 fuimus
947 2418 1186 2487 sufficientibus.

246 2506 447 2588 Quapropter
462 2506 544 2570 hanc
567 2507 833 2586 spectatissimum
849 2509 984 2588 gratiam
1008 2509 1279 2591 alienissimus

131 2590 218 2657 ‘biles
243 2594 365 2672 Patres,
398 2599 430 2658 ei
453 2613 473 2659 a
496 2592 550 2658 SS.
574 2593 786 2659 Oecumenica
808 2592 932 2677 Synodo
964 2594 1126 2662 humiliter
1149 2594 1281 2678 efflagita-

135 2698 218 2759 mus,
243 2699 458 2747 summotum
482 2682 692 2747 venerationis
717 2679 833 2754 affectu
855 2700 913 2749 nos
935 2681 1131 2765 prolitentes.

236 2837 324 2902 Huic
341 2839 557 2920 postulationi
580 2839 842 2919 subscripserunt
861 2843 905 2904 -13
929 2839 1065 2906 Concidit
1087 2839 1215 2907 Patres.

617 3110 826 3119 ——--—----——

513 3311 581 3393 21².
623 3309 928 3394 notitiarum

134 3466 185 3531 ,ΙΝ
208 3466 399 3534 GRATIAM
420 3468 520 3534 PIAE
543 3467 711 3534 OPERAE
736 3466 994 3535 scHohaRUM
1011 3450 1319 3536 osmundum!

575 3572 872 3641 NUNCUPATAE.

549 3766 754 3832 Venerabties
777 3766 906 3830 Patres!

249 3905 438 3988 Praecipuus
470 3907 554 3970 incer
578 3904 836 3972 Christifidelium
867 3924 979 3986 operas
1003 3923 1099 3986 quae,
1134 3912 1204 3971 tum
1237 3922 1319 3988 pre*

137 3995 246 4073 cibus,
277 4000 345 4058 tum
381 3994 602 4076 eleemosynis,
638 4012 729 4075 opem
756 3995 874 4059 nostris
906 3993 1108 4058 missionibus
1137 3992 1319 4075 perutilem!

141 4083 394 4160 subministrant,
419 4081 473 4146 illa
496 4100 578 4164 quae
602 4080 786 4146 Scholarum
803 4080 1012 4146 Orientalium
1034 4098 1149 4145 nomeu
1172 4098 1250 4161 prae
1272 4091 1319 4145 se

142 4169 205 4236 icrt
228 4170 332 4235 locum
356 4188 376 4233 a
398 4168 540 4250 pluribus
565 4169 679 4234 abhinc
702 4171 793 4233 annis
817 4170 953 4233 obtinuit
977 4186 1040 4232 non
1062 4169 1261 4233 immeritum.

249 4257 336 4322 Haec
359 4262 408 4322 est
431 4259 515 4323 enim
539 4275 629 4339 quae,
663 4258 860 4337 approbante
883 4256 1000 4321 Sancta
1029 4253 1111 4320 Sede
1134 4254 1319 4338 apostolici!

140 4349 176 4409 et
199 4345 352 4426 episcopis
369 4346 558 4423 fauentibus,
583 4341 771 4424 multiplices
795 4343 878 4425 apud
900 4361 958 4409 nos
974 4347 1132 4408 sustentat
1147 4343 1319 4424 operario-3
