<?xml version="1.0" encoding="UTF-8"?>
<!DOCTYPE html PUBLIC "-//W3C//DTD XHTML 1.0 Transitional//EN"
    "http://www.w3.org/TR/xhtml1/DTD/xhtml1-transitional.dtd">
<html xmlns="http://www.w3.org/1999/xhtml" xml:lang="en" lang="en">
 <head>
  <title>
</title>
<meta http-equiv="Content-Type" content="text/html;charset=utf-8" />
  <meta name='ocr-system' content='tesseract 3.04.00' />
  <meta name='ocr-capabilities' content='ocr_page ocr_carea ocr_par ocr_line ocrx_word'/>
</head>
<body>
  <div class='ocr_page' id='page_1' title='image "./omniumconciliiv00martgoog_0060.png"; bbox 0 0 2872 4874; ppageno 0'>
   <div class='ocr_carea' id='block_1_1' title="bbox 452 315 1217 373">
    <p class='ocr_par' dir='ltr' id='par_1_1' title="bbox 452 315 1217 373">
     <span class='ocr_line' id='line_1_1' title="bbox 452 315 1217 373; baseline 0.003 -2"><span class='ocrx_word' id='word_1_1' title='bbox 452 324 493 372; x_wconf 85' lang='lat' dir='ltr'>na</span> <span class='ocrx_word' id='word_1_2' title='bbox 516 325 659 373; x_wconf 71' lang='lat' dir='ltr'>accisam</span> <span class='ocrx_word' id='word_1_3' title='bbox 683 325 809 372; x_wconf 79' lang='lat' dir='ltr'>annisu.</span> <span class='ocrx_word' id='word_1_4' title='bbox 1174 315 1217 373; x_wconf 84' lang='grc'>47</span> 
     </span>
    </p>
   </div>
   <div class='ocr_carea' id='block_1_2' title="bbox 59 464 1221 2564">
    <p class='ocr_par' dir='ltr' id='par_1_2' title="bbox 59 464 1221 2564">
     <span class='ocr_line' id='line_1_2' title="bbox 157 464 1219 547; baseline 0.002 -19"><span class='ocrx_word' id='word_1_5' title='bbox 157 466 231 530; x_wconf 87' lang='lat' dir='ltr'>Pari</span> <span class='ocrx_word' id='word_1_6' title='bbox 254 484 331 531; x_wconf 86' lang='lat' dir='ltr'>vero</span> <span class='ocrx_word' id='word_1_7' title='bbox 360 467 483 530; x_wconf 82' lang='lat' dir='ltr'>ratione</span> <span class='ocrx_word' id='word_1_8' title='bbox 512 464 672 543; x_wconf 81' lang='lat' dir='ltr'>docemus,</span> <span class='ocrx_word' id='word_1_9' title='bbox 705 465 936 546; x_wconf 76' lang='lat' dir='ltr'>imperantibus</span> <span class='ocrx_word' id='word_1_10' title='bbox 959 465 991 529; x_wconf 91' lang='lat' dir='ltr'>in</span> <span class='ocrx_word' id='word_1_11' title='bbox 1023 483 1099 529; x_wconf 90' lang='lat' dir='ltr'>suae</span> <span class='ocrx_word' id='word_1_12' title='bbox 1129 473 1219 547; x_wconf 92' lang='lat' dir='ltr'>pote·</span> 
     </span>
     <span class='ocr_line' id='line_1_3' title="bbox 59 551 1217 633; baseline 0.001 -15"><span class='ocrx_word' id='word_1_13' title='bbox 59 554 146 618; x_wconf 84' lang='lat' dir='ltr'>statis</span> <span class='ocrx_word' id='word_1_14' title='bbox 167 571 230 618; x_wconf 87' lang='lat' dir='ltr'>usu</span> <span class='ocrx_word' id='word_1_15' title='bbox 253 553 386 618; x_wconf 86' lang='lat' dir='ltr'>eandem</span> <span class='ocrx_word' id='word_1_16' title='bbox 408 571 550 617; x_wconf 90' lang='lat' dir='ltr'>normam</span> <span class='ocrx_word' id='word_1_17' title='bbox 574 553 698 617; x_wconf 85' lang='lat' dir='ltr'>divinae</span> <span class='ocrx_word' id='word_1_18' title='bbox 721 551 801 633; x_wconf 79' lang='lat' dir='ltr'>legis</span> <span class='ocrx_word' id='word_1_19' title='bbox 823 570 894 616; x_wconf 85' lang='lat' dir='ltr'>esse</span> <span class='ocrx_word' id='word_1_20' title='bbox 918 553 1119 633; x_wconf 90' lang='lat' dir='ltr'>sequendam.</span> <span class='ocrx_word' id='word_1_21' title='bbox 1151 553 1217 619; x_wconf 86' lang='lat' dir='ltr'>Lex</span> 
     </span>
     <span class='ocr_line' id='line_1_4' title="bbox 61 640 1219 721; baseline 0 -15"><span class='ocrx_word' id='word_1_22' title='bbox 61 643 137 706; x_wconf 87' lang='lat' dir='ltr'>crim</span> <span class='ocrx_word' id='word_1_23' title='bbox 157 641 290 706; x_wconf 88' lang='lat' dir='ltr'>moralis</span> <span class='ocrx_word' id='word_1_24' title='bbox 312 643 380 705; x_wconf 84' lang='lat' dir='ltr'>sive</span> <span class='ocrx_word' id='word_1_25' title='bbox 401 641 520 705; x_wconf 89' lang='lat' dir='ltr'>lumine</span> <span class='ocrx_word' id='word_1_26' title='bbox 543 641 676 704; x_wconf 88' lang='lat' dir='ltr'>rationis</span> <span class='ocrx_word' id='word_1_27' title='bbox 700 641 766 704; x_wconf 84' lang='lat' dir='ltr'>sive</span> <span class='ocrx_word' id='word_1_28' title='bbox 792 658 851 721; x_wconf 89' lang='lat' dir='ltr'>per</span> <span class='ocrx_word' id='word_1_29' title='bbox 873 640 1144 721; x_wconf 80' lang='lat' dir='ltr'><strong>supernaturalem</strong></span> <span class='ocrx_word' id='word_1_30' title='bbox 1168 660 1219 707; x_wconf 88' lang='lat' dir='ltr'>re-</span> 
     </span>
     <span class='ocr_line' id='line_1_5' title="bbox 61 727 1218 811; baseline 0.002 -20"><span class='ocrx_word' id='word_1_31' title='bbox 61 729 242 794; x_wconf 84' lang='lat' dir='ltr'>velationem</span> <span class='ocrx_word' id='word_1_32' title='bbox 273 727 476 793; x_wconf 85' lang='lat' dir='ltr'>manifestata</span> <span class='ocrx_word' id='word_1_33' title='bbox 497 729 580 793; x_wconf 88' lang='lat' dir='ltr'>sicut</span> <span class='ocrx_word' id='word_1_34' title='bbox 602 746 660 809; x_wconf 87' lang='lat' dir='ltr'>pro</span> <span class='ocrx_word' id='word_1_35' title='bbox 690 728 868 791; x_wconf 87' lang='lat' dir='ltr'>hominibus</span> <span class='ocrx_word' id='word_1_36' title='bbox 896 728 1131 810; x_wconf 80' lang='lat' dir='ltr'>actionibusque</span> <span class='ocrx_word' id='word_1_37' title='bbox 1154 731 1218 811; x_wconf 90' lang='lat' dir='ltr'>pri·</span> 
     </span>
     <span class='ocr_line' id='line_1_6' title="bbox 62 816 1217 898; baseline 0.001 -18"><span class='ocrx_word' id='word_1_38' title='bbox 62 817 142 896; x_wconf 85' lang='lat' dir='ltr'>ratis,</span> <span class='ocrx_word' id='word_1_39' title='bbox 175 818 225 880; x_wconf 85' lang='lat' dir='ltr'>ita</span> <span class='ocrx_word' id='word_1_40' title='bbox 247 834 310 882; x_wconf 91' lang='lat' dir='ltr'>non</span> <span class='ocrx_word' id='word_1_41' title='bbox 340 817 445 880; x_wconf 88' lang='lat' dir='ltr'>minus</span> <span class='ocrx_word' id='word_1_42' title='bbox 468 834 525 898; x_wconf 94' lang='lat' dir='ltr'>pro</span> <span class='ocrx_word' id='word_1_43' title='bbox 551 817 590 880; x_wconf 91' lang='lat' dir='ltr'>iis</span> <span class='ocrx_word' id='word_1_44' title='bbox 612 816 667 897; x_wconf 92' lang='lat' dir='ltr'>qui</span> <span class='ocrx_word' id='word_1_45' title='bbox 691 823 851 896; x_wconf 83' lang='lat' dir='ltr'>praesunt,</span> <span class='ocrx_word' id='word_1_46' title='bbox 888 821 920 880; x_wconf 90' lang='lat' dir='ltr'>et</span> <span class='ocrx_word' id='word_1_47' title='bbox 942 834 1000 897; x_wconf 90' lang='lat' dir='ltr'>pro</span> <span class='ocrx_word' id='word_1_48' title='bbox 1022 816 1217 898; x_wconf 86' lang='lat' dir='ltr'>publicorum</span> 
     </span>
     <span class='ocr_line' id='line_1_7' title="bbox 63 903 1218 985; baseline -0.001 -17"><span class='ocrx_word' id='word_1_49' title='bbox 63 922 218 968; x_wconf 84' lang='lat' dir='ltr'>munerum</span> <span class='ocrx_word' id='word_1_50' title='bbox 256 904 528 968; x_wconf 76' lang='lat' dir='ltr'>administratione</span> <span class='ocrx_word' id='word_1_51' title='bbox 569 905 755 984; x_wconf 87' lang='lat' dir='ltr'>actibusque</span> <span class='ocrx_word' id='word_1_52' title='bbox 792 903 962 968; x_wconf 82' lang='lat' dir='ltr'>socialibus</span> <span class='ocrx_word' id='word_1_53' title='bbox 1002 922 1040 968; x_wconf 91' lang='lat' dir='ltr'>ac</span> <span class='ocrx_word' id='word_1_54' title='bbox 1082 903 1218 985; x_wconf 82' lang='lat' dir='ltr'>politicis</span> 
     </span>
     <span class='ocr_line' id='line_1_8' title="bbox 64 988 1218 1074; baseline -0.001 -18"><span class='ocrx_word' id='word_1_55' title='bbox 64 992 156 1074; x_wconf 86' lang='lat' dir='ltr'>posita</span> <span class='ocrx_word' id='word_1_56' title='bbox 178 997 241 1058; x_wconf 89' lang='lat' dir='ltr'>est.</span> <span class='ocrx_word' id='word_1_57' title='bbox 281 992 403 1056; x_wconf 82' lang='lat' dir='ltr'>Norma</span> <span class='ocrx_word' id='word_1_58' title='bbox 422 992 531 1073; x_wconf 91' lang='lat' dir='ltr'>itaque</span> <span class='ocrx_word' id='word_1_59' title='bbox 554 991 667 1073; x_wconf 85' lang='lat' dir='ltr'>agendi</span> <span class='ocrx_word' id='word_1_60' title='bbox 691 991 809 1055; x_wconf 91' lang='lat' dir='ltr'>nonin</span> <span class='ocrx_word' id='word_1_61' title='bbox 832 991 980 1071; x_wconf 90' lang='lat' dir='ltr'>utilitate,</span> <span class='ocrx_word' id='word_1_62' title='bbox 1004 997 1061 1056; x_wconf 90' lang='lat' dir='ltr'>aut</span> <span class='ocrx_word' id='word_1_63' title='bbox 1082 993 1112 1054; x_wconf 91' lang='lat' dir='ltr'>in</span> <span class='ocrx_word' id='word_1_64' title='bbox 1137 988 1218 1056; x_wconf 90' lang='lat' dir='ltr'>mul·</span> 
     </span>
     <span class='ocr_line' id='line_1_9' title="bbox 62 1079 1214 1161; baseline 0.001 -18"><span class='ocrx_word' id='word_1_65' title='bbox 62 1079 197 1144; x_wconf 82' lang='lat' dir='ltr'>titudinis</span> <span class='ocrx_word' id='word_1_66' title='bbox 222 1079 373 1161; x_wconf 87' lang='lat' dir='ltr'>opinione</span> <span class='ocrx_word' id='word_1_67' title='bbox 395 1097 432 1144; x_wconf 91' lang='lat' dir='ltr'>ac</span> <span class='ocrx_word' id='word_1_68' title='bbox 454 1079 615 1143; x_wconf 89' lang='lat' dir='ltr'>voluntate</span> <span class='ocrx_word' id='word_1_69' title='bbox 639 1079 788 1144; x_wconf 87' lang='lat' dir='ltr'>constitui</span> <span class='ocrx_word' id='word_1_70' title='bbox 803 1085 920 1160; x_wconf 76' lang='lat' dir='ltr'>potest,</span> <span class='ocrx_word' id='word_1_71' title='bbox 944 1081 1069 1160; x_wconf 84' lang='lat' dir='ltr'>quando</span> <span class='ocrx_word' id='word_1_72' title='bbox 1092 1079 1132 1143; x_wconf 90' lang='lat' dir='ltr'>ad</span> <span class='ocrx_word' id='word_1_73' title='bbox 1155 1080 1214 1144; x_wconf 94' lang='lat' dir='ltr'>illi·</span> 
     </span>
     <span class='ocr_line' id='line_1_10' title="bbox 63 1166 1219 1248; baseline 0.002 -19"><span class='ocrx_word' id='word_1_74' title='bbox 63 1169 115 1233; x_wconf 82' lang='lat' dir='ltr'>cita</span> <span class='ocrx_word' id='word_1_75' title='bbox 135 1186 175 1232; x_wconf 89' lang='lat' dir='ltr'>ac</span> <span class='ocrx_word' id='word_1_76' title='bbox 199 1168 262 1232; x_wconf 87' lang='lat' dir='ltr'>Dei</span> <span class='ocrx_word' id='word_1_77' title='bbox 284 1166 349 1247; x_wconf 82' lang='lat' dir='ltr'>legi</span> <span class='ocrx_word' id='word_1_78' title='bbox 371 1168 581 1248; x_wconf 78' lang='lat' dir='ltr'>repugnantia</span> <span class='ocrx_word' id='word_1_79' title='bbox 603 1166 785 1248; x_wconf 80' lang='lat' dir='ltr'>impellunt3</span> <span class='ocrx_word' id='word_1_80' title='bbox 817 1167 873 1231; x_wconf 89' lang='lat' dir='ltr'>sed</span> <span class='ocrx_word' id='word_1_81' title='bbox 896 1169 1074 1232; x_wconf 85' lang='lat' dir='ltr'>necessaria</span> <span class='ocrx_word' id='word_1_82' title='bbox 1096 1182 1219 1232; x_wconf 89' lang='lat' dir='ltr'>morum</span> 
     </span>
     <span class='ocr_line' id='line_1_11' title="bbox 63 1254 1218 1338; baseline 0.001 -20"><span class='ocrx_word' id='word_1_83' title='bbox 63 1255 160 1338; x_wconf 81' lang='lat' dir='ltr'>regula</span> <span class='ocrx_word' id='word_1_84' title='bbox 182 1255 272 1320; x_wconf 82' lang='lat' dir='ltr'>sicut</span> <span class='ocrx_word' id='word_1_85' title='bbox 286 1272 345 1336; x_wconf 91' lang='lat' dir='ltr'>pro</span> <span class='ocrx_word' id='word_1_86' title='bbox 366 1254 502 1320; x_wconf 88' lang='lat' dir='ltr'>subditis</span> <span class='ocrx_word' id='word_1_87' title='bbox 518 1255 564 1320; x_wconf 91' lang='lat' dir='ltr'>ita</span> <span class='ocrx_word' id='word_1_88' title='bbox 585 1273 643 1336; x_wconf 90' lang='lat' dir='ltr'>pro</span> <span class='ocrx_word' id='word_1_89' title='bbox 658 1255 888 1336; x_wconf 85' lang='lat' dir='ltr'>imperantibus</span> <span class='ocrx_word' id='word_1_90' title='bbox 912 1256 1007 1318; x_wconf 88' lang='lat' dir='ltr'>otiam</span> <span class='ocrx_word' id='word_1_91' title='bbox 1022 1256 1056 1319; x_wconf 92' lang='lat' dir='ltr'>in</span> <span class='ocrx_word' id='word_1_92' title='bbox 1077 1256 1218 1336; x_wconf 87' lang='lat' dir='ltr'>ipsorum</span> 
     </span>
     <span class='ocr_line' id='line_1_12' title="bbox 63 1341 1217 1423; baseline 0.001 -17"><span class='ocrx_word' id='word_1_93' title='bbox 63 1343 239 1408; x_wconf 74' lang='lat' dir='ltr'>nnnembus</span> <span class='ocrx_word' id='word_1_94' title='bbox 271 1342 528 1408; x_wconf 82' lang='lat' dir='ltr'>administrandis</span> <span class='ocrx_word' id='word_1_95' title='bbox 561 1348 611 1407; x_wconf 90' lang='lat' dir='ltr'>est</span> <span class='ocrx_word' id='word_1_96' title='bbox 640 1341 690 1406; x_wconf 86' lang='lat' dir='ltr'>lex</span> <span class='ocrx_word' id='word_1_97' title='bbox 722 1342 782 1406; x_wconf 92' lang='lat' dir='ltr'>Dei</span> <span class='ocrx_word' id='word_1_98' title='bbox 812 1343 954 1423; x_wconf 81' lang='lat' dir='ltr'>J&#39;ubentis</span> <span class='ocrx_word' id='word_1_99' title='bbox 985 1344 1217 1421; x_wconf 73' lang='lat' dir='ltr'>autumantis,</span> 
     </span>
     <span class='ocr_line' id='line_1_13' title="bbox 61 1429 1218 1511; baseline -0.002 -14"><span class='ocrx_word' id='word_1_100' title='bbox 61 1430 226 1497; x_wconf 75' lang='lat' dir='ltr'>scandum</span> <span class='ocrx_word' id='word_1_101' title='bbox 254 1448 350 1511; x_wconf 91' lang='lat' dir='ltr'>quam</span> <span class='ocrx_word' id='word_1_102' title='bbox 378 1448 487 1495; x_wconf 89' lang='lat' dir='ltr'>omnes</span> <span class='ocrx_word' id='word_1_103' title='bbox 517 1431 550 1494; x_wconf 90' lang='lat' dir='ltr'>in</span> <span class='ocrx_word' id='word_1_104' title='bbox 574 1448 720 1511; x_wconf 91' lang='lat' dir='ltr'>supremo</span> <span class='ocrx_word' id='word_1_105' title='bbox 747 1429 866 1511; x_wconf 88' lang='lat' dir='ltr'>judicio</span> <span class='ocrx_word' id='word_1_106' title='bbox 897 1430 1055 1495; x_wconf 89' lang='lat' dir='ltr'>communi</span> <span class='ocrx_word' id='word_1_107' title='bbox 1083 1431 1218 1495; x_wconf 90' lang='lat' dir='ltr'>Domino</span> 
     </span>
     <span class='ocr_line' id='line_1_14' title="bbox 61 1518 1218 1599; baseline -0.001 -16"><span class='ocrx_word' id='word_1_108' title='bbox 61 1519 256 1583; x_wconf 85' lang='lat' dir='ltr'>antstabunt</span> <span class='ocrx_word' id='word_1_109' title='bbox 279 1523 336 1582; x_wconf 90' lang='lat' dir='ltr'>aut</span> <span class='ocrx_word' id='word_1_110' title='bbox 351 1518 473 1583; x_wconf 87' lang='lat' dir='ltr'>cadent.</span> <span class='ocrx_word' id='word_1_111' title='bbox 508 1518 555 1582; x_wconf 90' lang='lat' dir='ltr'>De</span> <span class='ocrx_word' id='word_1_112' title='bbox 578 1519 648 1599; x_wconf 90' lang='lat' dir='ltr'>ipsa</span> <span class='ocrx_word' id='word_1_113' title='bbox 670 1523 778 1582; x_wconf 86' lang='lat' dir='ltr'>autem</span> <span class='ocrx_word' id='word_1_114' title='bbox 795 1518 908 1599; x_wconf 80' lang='lat' dir='ltr'>agendi</span> <span class='ocrx_word' id='word_1_115' title='bbox 932 1536 1044 1583; x_wconf 93' lang='lat' dir='ltr'>norma</span> <span class='ocrx_word' id='word_1_116' title='bbox 1055 1518 1218 1599; x_wconf 81' lang='lat' dir='ltr'>judicium,</span> 
     </span>
     <span class='ocr_line' id='line_1_15' title="bbox 61 1604 1219 1688; baseline -0.003 -16"><span class='ocrx_word' id='word_1_117' title='bbox 61 1614 212 1688; x_wconf 79' lang='lat' dir='ltr'>maternus</span> <span class='ocrx_word' id='word_1_118' title='bbox 235 1604 276 1670; x_wconf 89' lang='lat' dir='ltr'>de</span> <span class='ocrx_word' id='word_1_119' title='bbox 299 1624 421 1670; x_wconf 91' lang='lat' dir='ltr'>morum</span> <span class='ocrx_word' id='word_1_120' title='bbox 444 1606 620 1685; x_wconf 89' lang='lat' dir='ltr'>honestate,</span> <span class='ocrx_word' id='word_1_121' title='bbox 645 1606 685 1670; x_wconf 91' lang='lat' dir='ltr'>de</span> <span class='ocrx_word' id='word_1_122' title='bbox 707 1606 792 1670; x_wconf 90' lang='lat' dir='ltr'>licito</span> <span class='ocrx_word' id='word_1_123' title='bbox 814 1605 864 1670; x_wconf 85' lang='lat' dir='ltr'>vel</span> <span class='ocrx_word' id='word_1_124' title='bbox 880 1606 990 1670; x_wconf 89' lang='lat' dir='ltr'>illicito</span> <span class='ocrx_word' id='word_1_125' title='bbox 1015 1605 1219 1670; x_wconf 89' lang='lat' dir='ltr'>statuendum</span> 
     </span>
     <span class='ocr_line' id='line_1_16' title="bbox 61 1692 1219 1776; baseline -0.001 -17"><span class='ocrx_word' id='word_1_126' title='bbox 61 1704 109 1775; x_wconf 81' lang='lat' dir='ltr'>ert,</span> <span class='ocrx_word' id='word_1_127' title='bbox 130 1712 193 1776; x_wconf 92' lang='lat' dir='ltr'>pro</span> <span class='ocrx_word' id='word_1_128' title='bbox 216 1692 303 1758; x_wconf 85' lang='lat' dir='ltr'>civili</span> <span class='ocrx_word' id='word_1_129' title='bbox 325 1694 421 1758; x_wconf 90' lang='lat' dir='ltr'>etiarn</span> <span class='ocrx_word' id='word_1_130' title='bbox 438 1695 587 1758; x_wconf 89' lang='lat' dir='ltr'>societate</span> <span class='ocrx_word' id='word_1_131' title='bbox 609 1693 806 1775; x_wconf 87' lang='lat' dir='ltr'>publicisque</span> <span class='ocrx_word' id='word_1_132' title='bbox 822 1694 957 1775; x_wconf 79' lang='lat' dir='ltr'>negotiis</span> <span class='ocrx_word' id='word_1_133' title='bbox 981 1695 1021 1759; x_wconf 89' lang='lat' dir='ltr'>ad</span> <span class='ocrx_word' id='word_1_134' title='bbox 1038 1711 1219 1774; x_wconf 90' lang='lat' dir='ltr'>supremum</span> 
     </span>
     <span class='ocr_line' id='line_1_17' title="bbox 62 1780 1221 1863; baseline -0.004 -14"><span class='ocrx_word' id='word_1_135' title='bbox 62 1782 219 1849; x_wconf 72' lang='lat' dir='ltr'>Ecclesiae</span> <span class='ocrx_word' id='word_1_136' title='bbox 241 1781 456 1862; x_wconf 82' lang='lat' dir='ltr'>magisterium</span> <span class='ocrx_word' id='word_1_137' title='bbox 490 1784 638 1863; x_wconf 88' lang='lat' dir='ltr'>partinet.</span> <span class='ocrx_word' id='word_1_138' title='bbox 691 1780 777 1859; x_wconf 58' lang='lat' dir='ltr'>,Sanc</span> <span class='ocrx_word' id='word_1_139' title='bbox 800 1783 833 1844; x_wconf 89' lang='lat' dir='ltr'>iu</span> <span class='ocrx_word' id='word_1_140' title='bbox 855 1783 906 1845; x_wconf 79' lang='lat' dir='ltr'>via</span> <span class='ocrx_word' id='word_1_141' title='bbox 935 1781 1047 1845; x_wconf 87' lang='lat' dir='ltr'>salutis</span> <span class='ocrx_word' id='word_1_142' title='bbox 1070 1787 1221 1845; x_wconf 87' lang='lat' dir='ltr'>aeternae</span> 
     </span>
     <span class='ocr_line' id='line_1_18' title="bbox 63 1868 1219 1950; baseline 0 -16"><span class='ocrx_word' id='word_1_143' title='bbox 63 1872 197 1936; x_wconf 86' lang='lat' dir='ltr'>omnibus</span> <span class='ocrx_word' id='word_1_144' title='bbox 222 1874 289 1934; x_wconf 88' lang='lat' dir='ltr'>tam</span> <span class='ocrx_word' id='word_1_145' title='bbox 313 1869 446 1934; x_wconf 88' lang='lat' dir='ltr'>subditis</span> <span class='ocrx_word' id='word_1_146' title='bbox 468 1888 563 1950; x_wconf 92' lang='lat' dir='ltr'>quam</span> <span class='ocrx_word' id='word_1_147' title='bbox 587 1869 780 1950; x_wconf 91' lang='lat' dir='ltr'>principibus</span> <span class='ocrx_word' id='word_1_148' title='bbox 803 1868 945 1934; x_wconf 81' lang='lat' dir='ltr'>Ecclesia</span> <span class='ocrx_word' id='word_1_149' title='bbox 969 1888 989 1933; x_wconf 91' lang='lat' dir='ltr'>a</span> <span class='ocrx_word' id='word_1_150' title='bbox 1011 1869 1079 1933; x_wconf 89' lang='lat' dir='ltr'>Deo</span> <span class='ocrx_word' id='word_1_151' title='bbox 1104 1869 1219 1934; x_wconf 88' lang='lat' dir='ltr'>consti·</span> 
     </span>
     <span class='ocr_line' id='line_1_19' title="bbox 66 1956 1219 2038; baseline -0.001 -17"><span class='ocrx_word' id='word_1_152' title='bbox 66 1965 122 2023; x_wconf 82' lang='lat' dir='ltr'>tuta</span> <span class='ocrx_word' id='word_1_153' title='bbox 142 1962 195 2023; x_wconf 87' lang='lat' dir='ltr'>est</span> <span class='ocrx_word' id='word_1_154' title='bbox 219 1956 285 2020; x_wconf 87' lang='lat' dir='ltr'>dux</span> <span class='ocrx_word' id='word_1_155' title='bbox 306 1964 340 2020; x_wconf 90' lang='lat' dir='ltr'>et</span> <span class='ocrx_word' id='word_1_156' title='bbox 354 1958 515 2038; x_wconf 85' lang='lat' dir='ltr'>magistra.</span> <span class='ocrx_word' id='word_1_157' title='bbox 550 1956 660 2037; x_wconf 89' lang='lat' dir='ltr'>Neque</span> <span class='ocrx_word' id='word_1_158' title='bbox 684 1958 722 2021; x_wconf 90' lang='lat' dir='ltr'>de</span> <span class='ocrx_word' id='word_1_159' title='bbox 738 1957 966 2038; x_wconf 87' lang='lat' dir='ltr'>imperantibus</span> <span class='ocrx_word' id='word_1_160' title='bbox 989 1957 1092 2020; x_wconf 88' lang='lat' dir='ltr'>minus</span> <span class='ocrx_word' id='word_1_161' title='bbox 1108 1974 1219 2021; x_wconf 86' lang='lat' dir='ltr'>verum</span> 
     </span>
     <span class='ocr_line' id='line_1_20' title="bbox 72 2043 1220 2127; baseline -0.003 -18"><span class='ocrx_word' id='word_1_162' title='bbox 72 2054 116 2111; x_wconf 77' lang='lat' dir='ltr'>aar</span> <span class='ocrx_word' id='word_1_163' title='bbox 145 2046 204 2127; x_wconf 92' lang='lat' dir='ltr'>qui</span> <span class='ocrx_word' id='word_1_164' title='bbox 228 2043 407 2109; x_wconf 85' lang='lat' dir='ltr'>Ecclesiam</span> <span class='ocrx_word' id='word_1_165' title='bbox 433 2050 566 2109; x_wconf 87' lang='lat' dir='ltr'>matrem</span> <span class='ocrx_word' id='word_1_166' title='bbox 597 2045 787 2123; x_wconf 87' lang='lat' dir='ltr'>nonhabet,</span> <span class='ocrx_word' id='word_1_167' title='bbox 824 2044 926 2110; x_wconf 88' lang='lat' dir='ltr'>Deum</span> <span class='ocrx_word' id='word_1_168' title='bbox 948 2049 1071 2126; x_wconf 87' lang='lat' dir='ltr'>patrem</span> <span class='ocrx_word' id='word_1_169' title='bbox 1101 2044 1220 2108; x_wconf 85' lang='lat' dir='ltr'>habero</span> 
     </span>
     <span class='ocr_line' id='line_1_21' title="bbox 77 2130 1219 2215; baseline -0.003 -18"><span class='ocrx_word' id='word_1_170' title='bbox 77 2148 118 2197; x_wconf 84' lang='lat' dir='ltr'>scr</span> <span class='ocrx_word' id='word_1_171' title='bbox 141 2139 266 2215; x_wconf 86' lang='lat' dir='ltr'>potest.</span> <span class='ocrx_word' id='word_1_172' title='bbox 332 2130 378 2196; x_wconf 88' lang='lat' dir='ltr'>Ut</span> <span class='ocrx_word' id='word_1_173' title='bbox 405 2132 505 2213; x_wconf 83' lang='lat' dir='ltr'>igitur</span> <span class='ocrx_word' id='word_1_174' title='bbox 534 2133 653 2214; x_wconf 82' lang='lat' dir='ltr'>Regem</span> <span class='ocrx_word' id='word_1_175' title='bbox 684 2150 794 2214; x_wconf 80' lang='lat' dir='ltr'>rogum</span> <span class='ocrx_word' id='word_1_176' title='bbox 826 2139 948 2213; x_wconf 87' lang='lat' dir='ltr'>patrem</span> <span class='ocrx_word' id='word_1_177' title='bbox 981 2151 1017 2197; x_wconf 91' lang='lat' dir='ltr'>ac</span> <span class='ocrx_word' id='word_1_178' title='bbox 1046 2131 1219 2212; x_wconf 88' lang='lat' dir='ltr'>propitium</span> 
     </span>
     <span class='ocr_line' id='line_1_22' title="bbox 71 2219 1219 2302; baseline -0.003 -16"><span class='ocrx_word' id='word_1_179' title='bbox 71 2219 169 2287; x_wconf 77' lang='lat' dir='ltr'>labere</span> <span class='ocrx_word' id='word_1_180' title='bbox 192 2220 329 2302; x_wconf 88' lang='lat' dir='ltr'>possint,</span> <span class='ocrx_word' id='word_1_181' title='bbox 353 2219 525 2285; x_wconf 80' lang='lat' dir='ltr'>Ecclesiam</span> <span class='ocrx_word' id='word_1_182' title='bbox 550 2238 584 2285; x_wconf 88' lang='lat' dir='ltr'>sc</span> <span class='ocrx_word' id='word_1_183' title='bbox 611 2226 744 2285; x_wconf 87' lang='lat' dir='ltr'>matrem</span> <span class='ocrx_word' id='word_1_184' title='bbox 766 2219 882 2284; x_wconf 89' lang='lat' dir='ltr'>babere</span> <span class='ocrx_word' id='word_1_185' title='bbox 905 2239 940 2285; x_wconf 90' lang='lat' dir='ltr'>re</span> <span class='ocrx_word' id='word_1_186' title='bbox 963 2225 995 2284; x_wconf 91' lang='lat' dir='ltr'>et</span> <span class='ocrx_word' id='word_1_187' title='bbox 1017 2236 1112 2300; x_wconf 88' lang='lat' dir='ltr'>opere</span> <span class='ocrx_word' id='word_1_188' title='bbox 1127 2236 1219 2284; x_wconf 89' lang='lat' dir='ltr'>com-</span> 
     </span>
     <span class='ocr_line' id='line_1_23' title="bbox 68 2306 1216 2388; baseline -0.004 -14"><span class='ocrx_word' id='word_1_189' title='bbox 68 2309 186 2387; x_wconf 80' lang='lat' dir='ltr'>probare</span> <span class='ocrx_word' id='word_1_190' title='bbox 210 2307 383 2385; x_wconf 77' lang='lat' dir='ltr'>studeant3</span> <span class='ocrx_word' id='word_1_191' title='bbox 415 2324 516 2388; x_wconf 90' lang='lat' dir='ltr'>neque</span> <span class='ocrx_word' id='word_1_192' title='bbox 538 2306 633 2373; x_wconf 85' lang='lat' dir='ltr'>licere</span> <span class='ocrx_word' id='word_1_193' title='bbox 657 2309 716 2373; x_wconf 88' lang='lat' dir='ltr'>sibi</span> <span class='ocrx_word' id='word_1_194' title='bbox 738 2308 919 2373; x_wconf 81' lang='lat' dir='ltr'>existiment</span> <span class='ocrx_word' id='word_1_195' title='bbox 941 2308 1062 2372; x_wconf 89' lang='lat' dir='ltr'>sivein</span> <span class='ocrx_word' id='word_1_196' title='bbox 1084 2307 1216 2388; x_wconf 89' lang='lat' dir='ltr'>privatis</span> 
     </span>
     <span class='ocr_line' id='line_1_24' title="bbox 66 2395 1218 2478; baseline -0.001 -20"><span class='ocrx_word' id='word_1_197' title='bbox 66 2396 120 2461; x_wconf 83' lang='lat' dir='ltr'>sire</span> <span class='ocrx_word' id='word_1_198' title='bbox 138 2398 170 2461; x_wconf 89' lang='lat' dir='ltr'>in</span> <span class='ocrx_word' id='word_1_199' title='bbox 194 2395 332 2478; x_wconf 87' lang='lat' dir='ltr'>publicis</span> <span class='ocrx_word' id='word_1_200' title='bbox 360 2396 496 2477; x_wconf 81' lang='lat' dir='ltr'>negotiis</span> <span class='ocrx_word' id='word_1_201' title='bbox 525 2395 565 2458; x_wconf 93' lang='lat' dir='ltr'>ob</span> <span class='ocrx_word' id='word_1_202' title='bbox 597 2395 744 2476; x_wconf 86' lang='lat' dir='ltr'>politicas</span> <span class='ocrx_word' id='word_1_203' title='bbox 772 2398 912 2461; x_wconf 85' lang='lat' dir='ltr'>rationes</span> <span class='ocrx_word' id='word_1_204' title='bbox 936 2396 994 2459; x_wconf 84' lang='lat' dir='ltr'>Dei</span> <span class='ocrx_word' id='word_1_205' title='bbox 1025 2402 1057 2459; x_wconf 85' lang='lat' dir='ltr'>et</span> <span class='ocrx_word' id='word_1_206' title='bbox 1087 2401 1218 2459; x_wconf 84' lang='lat' dir='ltr'>sanctae</span> 
     </span>
     <span class='ocr_line' id='line_1_25' title="bbox 65 2482 770 2564; baseline -0.001 -18"><span class='ocrx_word' id='word_1_207' title='bbox 65 2486 163 2549; x_wconf 84' lang='lat' dir='ltr'>matris</span> <span class='ocrx_word' id='word_1_208' title='bbox 187 2482 356 2549; x_wconf 82' lang='lat' dir='ltr'>Ecclesiae</span> <span class='ocrx_word' id='word_1_209' title='bbox 378 2483 466 2564; x_wconf 80' lang='lat' dir='ltr'>leges</span> <span class='ocrx_word' id='word_1_210' title='bbox 490 2501 528 2548; x_wconf 91' lang='lat' dir='ltr'>ac</span> <span class='ocrx_word' id='word_1_211' title='bbox 547 2482 620 2562; x_wconf 88' lang='lat' dir='ltr'>jura</span> <span class='ocrx_word' id='word_1_212' title='bbox 642 2483 770 2548; x_wconf 82' lang='lat' dir='ltr'>violare.</span> 
     </span>
    </p>
   </div>
   <div class='ocr_carea' id='block_1_3' title="bbox 400 2779 753 2847">
    <p class='ocr_par' dir='ltr' id='par_1_3' title="bbox 400 2779 753 2847">
     <span class='ocr_line' id='line_1_26' title="bbox 400 2779 753 2847; baseline 0.011 -4"><span class='ocrx_word' id='word_1_213' title='bbox 400 2781 410 2797; x_wconf 77' lang='lat'><strong>⁴</strong></span> <span class='ocrx_word' id='word_1_214' title='bbox 525 2779 659 2845; x_wconf 83' lang='lat' dir='ltr'><strong>CAPUT</strong></span> <span class='ocrx_word' id='word_1_215' title='bbox 683 2780 753 2847; x_wconf 86' lang='lat' dir='ltr'>XV.</span> 
     </span>
    </p>
   </div>
   <div class='ocr_carea' id='block_1_4' title="bbox 83 2918 1198 3120">
    <p class='ocr_par' dir='ltr' id='par_1_4' title="bbox 83 2918 1198 3120">
     <span class='ocr_line' id='line_1_27' title="bbox 83 2918 1198 3001; baseline 0.002 -18"><span class='ocrx_word' id='word_1_216' title='bbox 83 2918 130 2983; x_wconf 89' lang='lat' dir='ltr'>De</span> <span class='ocrx_word' id='word_1_217' title='bbox 150 2920 348 3001; x_wconf 79' lang='lat' dir='ltr'>specialibus</span> <span class='ocrx_word' id='word_1_218' title='bbox 371 2920 561 2999; x_wconf 71' lang='lat' dir='ltr'>quibasdam</span> <span class='ocrx_word' id='word_1_219' title='bbox 584 2920 749 2986; x_wconf 79' lang='lat' dir='ltr'>Ecclesiae</span> <span class='ocrx_word' id='word_1_220' title='bbox 766 2921 896 3000; x_wconf 68' lang='lat' dir='ltr'>partam</span> <span class='ocrx_word' id='word_1_221' title='bbox 921 2921 951 2982; x_wconf 82' lang='lat' dir='ltr'>ln</span> <span class='ocrx_word' id='word_1_222' title='bbox 976 2921 1132 2985; x_wconf 76' lang='lat' dir='ltr'>relatione</span> <span class='ocrx_word' id='word_1_223' title='bbox 1155 2921 1198 2985; x_wconf 83' lang='lat' dir='ltr'>ad</span> 
     </span>
     <span class='ocr_line' id='line_1_28' title="bbox 472 3025 1121 3120; baseline -0.006 -30"><span class='ocrx_word' id='word_1_224' title='bbox 472 3026 649 3090; x_wconf 84' lang='lat' dir='ltr'>societatem</span> <span class='ocrx_word' id='word_1_225' title='bbox 675 3025 804 3120; x_wconf 75' lang='lat' dir='ltr'>civilem.</span> <span class='ocrx_word' id='word_1_226' title='bbox 1118 3048 1121 3052; x_wconf 92' lang='lat'>·</span> 
     </span>
    </p>
   </div>
   <div class='ocr_carea' id='block_1_5' title="bbox 58 3183 1220 3882">
    <p class='ocr_par' dir='ltr' id='par_1_5' title="bbox 58 3183 1220 3882">
     <span class='ocr_line' id='line_1_29' title="bbox 159 3183 1220 3263; baseline -0.003 -15"><span class='ocrx_word' id='word_1_227' title='bbox 159 3185 248 3248; x_wconf 90' lang='lat' dir='ltr'>Inter</span> <span class='ocrx_word' id='word_1_228' title='bbox 263 3185 532 3249; x_wconf 85' lang='lat' dir='ltr'>sanctissimorum</span> <span class='ocrx_word' id='word_1_229' title='bbox 546 3183 665 3263; x_wconf 77' lang='lat' dir='ltr'>J‘urium</span> <span class='ocrx_word' id='word_1_230' title='bbox 681 3183 876 3259; x_wconf 87' lang='lat' dir='ltr'>violationes,</span> <span class='ocrx_word' id='word_1_231' title='bbox 893 3199 974 3262; x_wconf 90' lang='lat' dir='ltr'>quae</span> <span class='ocrx_word' id='word_1_232' title='bbox 988 3187 1098 3246; x_wconf 89' lang='lat' dir='ltr'>nostra</span> <span class='ocrx_word' id='word_1_233' title='bbox 1113 3186 1220 3246; x_wconf 88' lang='lat' dir='ltr'>aetate</span> 
     </span>
     <span class='ocr_line' id='line_1_30' title="bbox 65 3268 1218 3352; baseline -0.002 -18"><span class='ocrx_word' id='word_1_234' title='bbox 65 3271 99 3334; x_wconf 89' lang='lat' dir='ltr'>ad</span> <span class='ocrx_word' id='word_1_235' title='bbox 120 3274 264 3337; x_wconf 85' lang='lat' dir='ltr'>nationes</span> <span class='ocrx_word' id='word_1_236' title='bbox 280 3273 442 3337; x_wconf 89' lang='lat' dir='ltr'>erroribus</span> <span class='ocrx_word' id='word_1_237' title='bbox 464 3271 649 3336; x_wconf 84' lang='lat' dir='ltr'>inficiendas</span> <span class='ocrx_word' id='word_1_238' title='bbox 664 3268 976 3352; x_wconf 88' lang='lat' dir='ltr'>corrumpendosque</span> <span class='ocrx_word' id='word_1_239' title='bbox 998 3268 1091 3334; x_wconf 90' lang='lat' dir='ltr'>ineis</span> <span class='ocrx_word' id='word_1_240' title='bbox 1114 3286 1218 3334; x_wconf 88' lang='lat' dir='ltr'>mores</span> 
     </span>
     <span class='ocr_line' id='line_1_31' title="bbox 64 3354 1219 3441; baseline -0.001 -19"><span class='ocrx_word' id='word_1_241' title='bbox 64 3359 245 3425; x_wconf 86' lang='lat' dir='ltr'>christianos</span> <span class='ocrx_word' id='word_1_242' title='bbox 277 3364 509 3441; x_wconf 85' lang='lat' dir='ltr'>perpetrantur,</span> <span class='ocrx_word' id='word_1_243' title='bbox 545 3358 600 3423; x_wconf 88' lang='lat' dir='ltr'>illa</span> <span class='ocrx_word' id='word_1_244' title='bbox 623 3364 673 3423; x_wconf 84' lang='lat' dir='ltr'>est</span> <span class='ocrx_word' id='word_1_245' title='bbox 699 3358 750 3423; x_wconf 80' lang='lat' dir='ltr'>vel</span> <span class='ocrx_word' id='word_1_246' title='bbox 773 3358 906 3421; x_wconf 84' lang='lat' dir='ltr'>maxime</span> <span class='ocrx_word' id='word_1_247' title='bbox 933 3356 1121 3437; x_wconf 88' lang='lat' dir='ltr'>perniciosa,</span> <span class='ocrx_word' id='word_1_248' title='bbox 1155 3354 1219 3437; x_wconf 89' lang='lat' dir='ltr'>qua</span> 
     </span>
     <span class='ocr_line' id='line_1_32' title="bbox 63 3443 1218 3526; baseline -0.003 -14"><span class='ocrx_word' id='word_1_249' title='bbox 63 3445 249 3512; x_wconf 81' lang='lat' dir='ltr'>fraudulenti</span> <span class='ocrx_word' id='word_1_250' title='bbox 279 3448 421 3512; x_wconf 89' lang='lat' dir='ltr'>homines</span> <span class='ocrx_word' id='word_1_251' title='bbox 451 3447 656 3526; x_wconf 88' lang='lat' dir='ltr'>contendunt,</span> <span class='ocrx_word' id='word_1_252' title='bbox 694 3445 819 3511; x_wconf 89' lang='lat' dir='ltr'>scholas</span> <span class='ocrx_word' id='word_1_253' title='bbox 847 3461 954 3509; x_wconf 87' lang='lat' dir='ltr'>ornnes</span> <span class='ocrx_word' id='word_1_254' title='bbox 984 3443 1151 3508; x_wconf 89' lang='lat' dir='ltr'>directioni</span> <span class='ocrx_word' id='word_1_255' title='bbox 1179 3462 1218 3508; x_wconf 85' lang='lat' dir='ltr'>ac</span> 
     </span>
     <span class='ocr_line' id='line_1_33' title="bbox 62 3532 1218 3616; baseline -0.003 -17"><span class='ocrx_word' id='word_1_256' title='bbox 62 3535 186 3601; x_wconf 86' lang='lat' dir='ltr'>arbitrio</span> <span class='ocrx_word' id='word_1_257' title='bbox 209 3535 308 3600; x_wconf 89' lang='lat' dir='ltr'>solius</span> <span class='ocrx_word' id='word_1_258' title='bbox 331 3536 499 3616; x_wconf 88' lang='lat' dir='ltr'>potestatis</span> <span class='ocrx_word' id='word_1_259' title='bbox 521 3534 621 3599; x_wconf 88' lang='lat' dir='ltr'>laicae</span> <span class='ocrx_word' id='word_1_260' title='bbox 644 3534 856 3616; x_wconf 86' lang='lat' dir='ltr'>subjiciendas</span> <span class='ocrx_word' id='word_1_261' title='bbox 879 3549 957 3611; x_wconf 87' lang='lat' dir='ltr'>esse,</span> <span class='ocrx_word' id='word_1_262' title='bbox 985 3532 1029 3594; x_wconf 89' lang='lat' dir='ltr'>ita</span> <span class='ocrx_word' id='word_1_263' title='bbox 1052 3536 1089 3594; x_wconf 91' lang='lat' dir='ltr'>ut</span> <span class='ocrx_word' id='word_1_264' title='bbox 1111 3536 1218 3595; x_wconf 90' lang='lat' dir='ltr'>aucto·</span> 
     </span>
     <span class='ocr_line' id='line_1_34' title="bbox 61 3618 1217 3704; baseline -0.004 -15"><span class='ocrx_word' id='word_1_265' title='bbox 61 3624 134 3689; x_wconf 85' lang='lat' dir='ltr'>titas</span> <span class='ocrx_word' id='word_1_266' title='bbox 149 3622 312 3688; x_wconf 84' lang='lat' dir='ltr'>Ecclesiae</span> <span class='ocrx_word' id='word_1_267' title='bbox 334 3623 375 3686; x_wconf 89' lang='lat' dir='ltr'>ad</span> <span class='ocrx_word' id='word_1_268' title='bbox 398 3623 626 3704; x_wconf 83' lang='lat' dir='ltr'>providendum</span> <span class='ocrx_word' id='word_1_269' title='bbox 650 3621 818 3704; x_wconf 82' lang='lat' dir='ltr'>religiosae</span> <span class='ocrx_word' id='word_1_270' title='bbox 840 3619 1030 3684; x_wconf 90' lang='lat' dir='ltr'>institutioni</span> <span class='ocrx_word' id='word_1_271' title='bbox 1052 3625 1087 3683; x_wconf 90' lang='lat' dir='ltr'>et</span> <span class='ocrx_word' id='word_1_272' title='bbox 1102 3618 1217 3684; x_wconf 85' lang='lat' dir='ltr'>educa-</span> 
     </span>
     <span class='ocr_line' id='line_1_35' title="bbox 60 3706 1218 3794; baseline -0.003 -22"><span class='ocrx_word' id='word_1_273' title='bbox 60 3711 132 3776; x_wconf 84' lang='lat' dir='ltr'>tioni</span> <span class='ocrx_word' id='word_1_274' title='bbox 151 3711 331 3794; x_wconf 81' lang='lat' dir='ltr'>juventutis</span> <span class='ocrx_word' id='word_1_275' title='bbox 354 3710 545 3775; x_wconf 87' lang='lat' dir='ltr'>christianae</span> <span class='ocrx_word' id='word_1_276' title='bbox 567 3711 695 3774; x_wconf 90' lang='lat' dir='ltr'>omnino</span> <span class='ocrx_word' id='word_1_277' title='bbox 718 3708 917 3789; x_wconf 88' lang='lat' dir='ltr'>impediatur.</span> <span class='ocrx_word' id='word_1_278' title='bbox 953 3706 1036 3784; x_wconf 84' lang='lat' dir='ltr'>Quin</span> <span class='ocrx_word' id='word_1_279' title='bbox 1059 3723 1095 3770; x_wconf 93' lang='lat' dir='ltr'>eo</span> <span class='ocrx_word' id='word_1_280' title='bbox 1114 3722 1218 3787; x_wconf 78' lang='lat' dir='ltr'>nsque</span> 
     </span>
     <span class='ocr_line' id='line_1_36' title="bbox 58 3793 1218 3882; baseline -0.006 -18"><span class='ocrx_word' id='word_1_281' title='bbox 58 3801 215 3882; x_wconf 80' lang='lat' dir='ltr'>progressi</span> <span class='ocrx_word' id='word_1_282' title='bbox 240 3804 324 3878; x_wconf 89' lang='lat' dir='ltr'>sunt,</span> <span class='ocrx_word' id='word_1_283' title='bbox 347 3804 385 3862; x_wconf 90' lang='lat' dir='ltr'>ut</span> <span class='ocrx_word' id='word_1_284' title='bbox 399 3800 502 3880; x_wconf 86' lang='lat' dir='ltr'>ipsam</span> <span class='ocrx_word' id='word_1_285' title='bbox 524 3798 710 3863; x_wconf 86' lang='lat' dir='ltr'>catholicam</span> <span class='ocrx_word' id='word_1_286' title='bbox 725 3797 909 3879; x_wconf 86' lang='lat' dir='ltr'>religionem</span> <span class='ocrx_word' id='word_1_287' title='bbox 922 3793 1081 3876; x_wconf 90' lang='lat' dir='ltr'>apublica</span> <span class='ocrx_word' id='word_1_288' title='bbox 1103 3793 1218 3858; x_wconf 89' lang='lat' dir='ltr'>educa·</span> 
     </span>
    </p>
   </div>
   <div class='ocr_carea' id='block_1_6' title="bbox 55 3880 1309 4149">
    <p class='ocr_par' dir='ltr' id='par_1_6' title="bbox 55 3880 1309 4149">
     <span class='ocr_line' id='line_1_37' title="bbox 56 3880 1307 3967; baseline -0.006 -15"><span class='ocrx_word' id='word_1_289' title='bbox 56 3887 136 3954; x_wconf 80' lang='lat' dir='ltr'>done</span> <span class='ocrx_word' id='word_1_290' title='bbox 160 3904 283 3966; x_wconf 87' lang='lat' dir='ltr'>arcere,</span> <span class='ocrx_word' id='word_1_291' title='bbox 319 3891 415 3967; x_wconf 91' lang='lat' dir='ltr'>atque</span> <span class='ocrx_word' id='word_1_292' title='bbox 438 3887 610 3950; x_wconf 87' lang='lat' dir='ltr'>universim</span> <span class='ocrx_word' id='word_1_293' title='bbox 634 3885 757 3950; x_wconf 87' lang='lat' dir='ltr'>scholas</span> <span class='ocrx_word' id='word_1_294' title='bbox 779 3883 897 3948; x_wconf 90' lang='lat' dir='ltr'>nullius</span> <span class='ocrx_word' id='word_1_295' title='bbox 919 3881 1123 3963; x_wconf 77' lang='lat' dir='ltr'>professionis</span> <span class='ocrx_word' id='word_1_296' title='bbox 1146 3881 1219 3946; x_wconf 88' lang='lat' dir='ltr'>rali-</span> <span class='ocrx_word' id='word_1_297' title='bbox 1301 3880 1307 3901; x_wconf 77' lang='lat'>¹</span> 
     </span>
     <span class='ocr_line' id='line_1_38' title="bbox 56 3968 1309 4057; baseline -0.007 -14"><span class='ocrx_word' id='word_1_298' title='bbox 56 3976 167 4057; x_wconf 75' lang='lat' dir='ltr'>giosae,</span> <span class='ocrx_word' id='word_1_299' title='bbox 193 3975 251 4041; x_wconf 88' lang='lat' dir='ltr'>sed</span> <span class='ocrx_word' id='word_1_300' title='bbox 273 3973 446 4038; x_wconf 87' lang='lat' dir='ltr'>littorarias</span> <span class='ocrx_word' id='word_1_301' title='bbox 465 3974 686 4038; x_wconf 68' lang='lat' dir='ltr'>&#39;antummodo</span> <span class='ocrx_word' id='word_1_302' title='bbox 710 3990 779 4037; x_wconf 88' lang='lat' dir='ltr'>esse</span> <span class='ocrx_word' id='word_1_303' title='bbox 803 3972 917 4037; x_wconf 88' lang='lat' dir='ltr'>debere</span> <span class='ocrx_word' id='word_1_304' title='bbox 939 3971 1056 4035; x_wconf 89' lang='lat' dir='ltr'>dicant.</span> <span class='ocrx_word' id='word_1_305' title='bbox 1097 3968 1218 4035; x_wconf 82' lang='lat' dir='ltr'>Contra</span> <span class='ocrx_word' id='word_1_306' title='bbox 1300 4014 1309 4025; x_wconf 82' lang='lat'>.-</span> 
     </span>
     <span class='ocr_line' id='line_1_39' title="bbox 55 4055 1258 4149; baseline -0.004 -22"><span class='ocrx_word' id='word_1_307' title='bbox 55 4061 235 4149; x_wconf 80' lang='lat' dir='ltr'>brp‘usmodi</span> <span class='ocrx_word' id='word_1_308' title='bbox 263 4078 363 4126; x_wconf 86' lang='lat' dir='ltr'>sanae</span> <span class='ocrx_word' id='word_1_309' title='bbox 390 4062 550 4126; x_wconf 86' lang='lat' dir='ltr'>doctrinae</span> <span class='ocrx_word' id='word_1_310' title='bbox 571 4078 758 4142; x_wconf 88' lang='lat' dir='ltr'>morumque</span> <span class='ocrx_word' id='word_1_311' title='bbox 781 4058 976 4140; x_wconf 86' lang='lat' dir='ltr'>corruptelas</span> <span class='ocrx_word' id='word_1_312' title='bbox 1005 4076 1043 4122; x_wconf 86' lang='lat' dir='ltr'>ex</span> <span class='ocrx_word' id='word_1_313' title='bbox 1064 4057 1132 4138; x_wconf 91' lang='lat' dir='ltr'>ipso</span> <span class='ocrx_word' id='word_1_314' title='bbox 1156 4055 1220 4122; x_wconf 87' lang='lat' dir='ltr'>fine</span> <span class='ocrx_word' id='word_1_315' title='bbox 1256 4099 1258 4104; x_wconf 92' lang='lat'>-</span> 
     </span>
    </p>
   </div>
   <div class='ocr_carea' id='block_1_7' title="bbox 29 4145 1217 4415">
    <p class='ocr_par' dir='ltr' id='par_1_7' title="bbox 29 4145 1217 4415">
     <span class='ocr_line' id='line_1_40' title="bbox 53 4145 1217 4228; baseline -0.006 -13"><span class='ocrx_word' id='word_1_316' title='bbox 53 4149 217 4220; x_wconf 88' lang='lat' dir='ltr'>Ecclesiae</span> <span class='ocrx_word' id='word_1_317' title='bbox 241 4169 262 4214; x_wconf 90' lang='lat' dir='ltr'>a</span> <span class='ocrx_word' id='word_1_318' title='bbox 285 4147 412 4214; x_wconf 80' lang='lat' dir='ltr'>Christo</span> <span class='ocrx_word' id='word_1_319' title='bbox 435 4148 601 4215; x_wconf 76' lang='lat' dir='ltr'>salvatore</span> <span class='ocrx_word' id='word_1_320' title='bbox 632 4147 794 4228; x_wconf 81' lang='lat' dir='ltr'>fundatae,</span> <span class='ocrx_word' id='word_1_321' title='bbox 831 4153 868 4211; x_wconf 94' lang='lat' dir='ltr'>ut</span> <span class='ocrx_word' id='word_1_322' title='bbox 889 4146 1031 4210; x_wconf 89' lang='lat' dir='ltr'>homines</span> <span class='ocrx_word' id='word_1_323' title='bbox 1053 4163 1113 4226; x_wconf 91' lang='lat' dir='ltr'>per</span> <span class='ocrx_word' id='word_1_324' title='bbox 1135 4145 1217 4209; x_wconf 89' lang='lat' dir='ltr'>salu-</span> 
     </span>
     <span class='ocr_line' id='line_1_41' title="bbox 51 4231 1217 4318; baseline -0.008 -12"><span class='ocrx_word' id='word_1_325' title='bbox 51 4246 149 4308; x_wconf 86' lang='lat' dir='ltr'>tarem</span> <span class='ocrx_word' id='word_1_326' title='bbox 184 4237 286 4303; x_wconf 89' lang='lat' dir='ltr'>fidem</span> <span class='ocrx_word' id='word_1_327' title='bbox 321 4255 359 4302; x_wconf 91' lang='lat' dir='ltr'>ac</span> <span class='ocrx_word' id='word_1_328' title='bbox 394 4237 592 4318; x_wconf 87' lang='lat' dir='ltr'>disciplinam</span> <span class='ocrx_word' id='word_1_329' title='bbox 622 4236 769 4303; x_wconf 87' lang='lat' dir='ltr'>docendo</span> <span class='ocrx_word' id='word_1_330' title='bbox 811 4234 1012 4316; x_wconf 86' lang='lat' dir='ltr'>regendoque</span> <span class='ocrx_word' id='word_1_331' title='bbox 1045 4231 1086 4297; x_wconf 91' lang='lat' dir='ltr'>ad</span> <span class='ocrx_word' id='word_1_332' title='bbox 1119 4234 1217 4297; x_wconf 88' lang='lat' dir='ltr'>vitam</span> 
     </span>
     <span class='ocr_line' id='line_1_42' title="bbox 29 4317 1217 4415; baseline -0.013 -16"><span class='ocrx_word' id='word_1_333' title='bbox 29 4336 214 4409; x_wconf 65' lang='lat' dir='ltr'>,aternam</span> <span class='ocrx_word' id='word_1_334' title='bbox 231 4324 383 4404; x_wconf 85' lang='lat' dir='ltr'>adducat,</span> <span class='ocrx_word' id='word_1_335' title='bbox 406 4325 448 4391; x_wconf 89' lang='lat' dir='ltr'>ab</span> <span class='ocrx_word' id='word_1_336' title='bbox 463 4327 608 4392; x_wconf 84' lang='lat' dir='ltr'>omnibus</span> <span class='ocrx_word' id='word_1_337' title='bbox 626 4323 861 4406; x_wconf 81' lang='lat' dir='ltr'>agnoscendum</span> <span class='ocrx_word' id='word_1_338' title='bbox 877 4330 926 4387; x_wconf 87' lang='lat' dir='ltr'>est</span> <span class='ocrx_word' id='word_1_339' title='bbox 946 4320 999 4402; x_wconf 85' lang='lat' dir='ltr'>jus</span> <span class='ocrx_word' id='word_1_340' title='bbox 1015 4325 1048 4385; x_wconf 87' lang='lat' dir='ltr'>et</span> <span class='ocrx_word' id='word_1_341' title='bbox 1069 4317 1217 4415; x_wconf 77' lang='lat' dir='ltr'>officitur,</span> 
     </span>
    </p>
   </div>
   <div class='ocr_carea' id='block_1_8' title="bbox 1332 4478 1376 4560">
    <p class='ocr_par' dir='ltr' id='par_1_8' title="bbox 1332 4478 1376 4560">
     <span class='ocr_line' id='line_1_43' title="bbox 1332 4478 1376 4560; baseline 0 0"><span class='ocrx_word' id='word_1_342' title='bbox 1332 4478 1376 4560; x_wconf 66' lang='grc' dir='ltr'><strong><em>Δ</em></strong></span> 
     </span>
    </p>
   </div>
   <div class='ocr_carea' id='block_1_9' title="bbox 0 0 1440 4874">
    <p class='ocr_par' dir='ltr' id='par_1_9' title="bbox 0 0 1440 4874">
     <span class='ocr_line' id='line_1_44' title="bbox 0 0 1440 4874; baseline 0 0"><span class='ocrx_word' id='word_1_343' title='bbox 0 0 1440 4874; x_wconf 95' lang='lat' dir='ltr'> </span> 
     </span>
    </p>
   </div>
  </div>
 </body>
</html>
