2872 4874
567 306 743 354 Pennana.
1211 308 1235 352 V

59 447 297 528 serviliumqne
319 445 517 512 adulatorum
541 453 666 526 turpem
689 446 736 511 eis
750 452 857 510 notam
880 446 1009 510 inurere
1029 447 1167 524 audebit,
1191 466 1236 512 an⁴

60 555 174 636 potius
198 557 352 634 agnoscet
374 569 480 617 eorum
497 551 684 617 modestiam
707 552 842 632 quidem,
859 550 916 616 sed
937 556 971 614 et
991 551 1236 633 ingenuitatem,

62 659 278 739 probitatem,
307 656 502 732 libertatem,
532 656 635 721 zelum
664 656 813 737 denique,
843 674 909 737 qno
938 655 1050 721 honori
1080 656 1238 723 ecclesiae

65 766 308 843 ammarumme
339 762 436 827 saluti
465 761 628 827 consulere
658 767 809 843 satagant
831 767 866 825 et
886 779 986 842 aeque
1020 762 1070 825 sui
1091 763 1234 843 ipsorum

65 868 210 933 muneris
234 867 421 949 episcopalis
444 866 640 949 dignitatem,
660 884 755 948 quam
777 866 811 932 S,
832 865 925 931 Sedis
940 866 1137 947 apostolicae
1156 869 1232 949 iura

64 979 198 1038 suenus
221 971 418 1038 defendant?

177 1096 270 1174 Quae
284 1109 380 1176 quom
396 1095 443 1159 lta
457 1109 492 1158 se
506 1093 651 1174 habeant
668 1112 703 1158 re
717 1094 831 1159 iterum
846 1095 1024 1177 iterumque
1039 1110 1146 1159 coram
1162 1097 1237 1160 Deo

67 1203 240 1284 pensitare
265 1218 328 1266 non
350 1200 510 1281 potuimus
533 1198 688 1277 dubitare,
715 1200 792 1279 qnin
811 1216 848 1265 en
871 1201 1106 1266 Postulatorum
1128 1201 1231 1282 publi-

66 1308 196 1374 catione
219 1320 282 1371 non
308 1318 420 1388 parom
449 1305 597 1368 utilitatis
618 1306 651 1368 in
681 1305 845 1370 ecclesiam
874 1282 1076 1372 fednndmet.
1126 1306 1234 1384 Quum

65 1429 144 1477 vero
174 1412 398 1477 hodiernorum
430 1415 610 1490 temporum
634 1411 773 1475 rationes
798 1429 855 1476 nos
878 1424 940 1476 non
963 1426 1091 1494 sperare
1115 1413 1228 1493 sinant,

64 1517 247 1583 cnnmlim
269 1517 458 1581 Vaticanum
488 1522 554 1580 tam
576 1514 712 1581 feliciter
745 1523 890 1597 coeptum
920 1522 1041 1582 ettam
1064 1516 1237 1586 infeliciter
1329 1523 1331 1526 ’

63 1629 284 1705 interruptum
311 1623 378 1704 jam
404 1622 544 1703 maximo
566 1625 708 1702 ternpore
735 1620 861 1686 labores
884 1638 957 1687 snos
983 1628 1230 1691 retractatorum

67 1750 150 1810 esse,
173 1727 410 1794 Postulatorunr
426 1725 671 1807 publicationem
686 1728 933 1794 existimavimus
953 1747 1016 1794 non
1039 1731 1159 1797 diutius
1173 1732 1236 1797 diis·

68 1835 243 1911 ferendam,
256 1832 321 1911 sed,
338 1833 469 1896 obtenta
483 1847 504 1895 a
517 1830 723 1897 Sanctissimo
736 1834 831 1897 Patro
841 1835 940 1912 venia,
954 1833 1027 1900 hnic
1043 1839 1129 1917 operi
1144 1835 1232 1904 illico

71 1961 198 2007 manum
224 1937 451 2003 admovendam
475 1954 554 2001 esse.
603 1936 665 2002 Sed
688 1936 728 2002 de
751 1937 810 2002 bac
832 1957 867 2003 re
889 1939 967 2004 haec
983 1940 1146 2008 hedenus.

173 2046 248 2111 Jam
277 2050 312 2108 ut
328 2043 438 2124 paucis
459 2061 665 2123 exponamus,
699 2061 834 2124 quonam
857 2045 949 2111 modo
976 2051 1009 2110 et
1030 2047 1139 2113 ordine
1162 2068 1230 2113 rem

83 2156 253 2232 susceptam
272 2147 524 2225 tractaverimus,
542 2152 643 2211 totum
666 2167 745 2230 opus
760 2149 792 2213 in
816 2159 950 2231 quatuor
964 2156 1071 2233 partes
1087 2152 1234 2218 distinxi-

77 2276 147 2323 mus.
203 2255 327 2318 Primae
362 2253 446 2334 parti
477 2253 679 2318 attribuimus
710 2257 814 2319 omnia
843 2257 1044 2337 documenta,
1077 2276 1157 2339 quae
1188 2261 1228 2323 ad

69 2383 120 2427 rea
143 2361 343 2444 dogmaticos
365 2363 525 2439 spectant3
549 2376 662 2440 nempe
685 2362 786 2440 primo
815 2361 885 2426 illas
909 2362 1003 2439 duas,
1032 2381 1110 2443 quas
1133 2383 1232 2446 supra

67 2469 218 2544 diximus,
252 2464 499 2530 constitutiones
531 2463 735 2546 dogmaticae,
764 2466 877 2531 deinde
899 2475 1090 2549 praeparata
1116 2469 1170 2534 illa
1196 2478 1229 2536 et

66 2571 217 2637 Patribus
233 2567 365 2634 concilii
388 2567 556 2632 distributa
574 2566 842 2635 constitutionum
866 2572 1115 2654 dogmaticarum
1135 2575 1231 2641 Sche-

64 2683 165 2756 mate,
199 2694 289 2757 qnae,
321 2674 403 2737 siin
433 2670 737 2755 congregationibus
759 2676 961 2756 generalibus
988 2659 1056 2759 jam
1088 2670 1233 2746 discussa.

64 2790 99 2848 et
118 2802 140 2848 a
161 2781 366 2863 deputatione
387 2797 445 2860 pro
469 2778 562 2842 rebus
585 2779 658 2844 fidei
681 2778 852 2846 reformata
873 2780 1000 2862 fuerint,
1023 2785 1055 2846 in
1078 2785 1138 2849 bac
1159 2786 1230 2867 ipsa
1292 2805 1295 2813 ’

62 2888 171 2953 forma
193 2885 366 2949 reformata
387 2882 632 2965 publicavimus,
664 2887 757 2951 tertio
781 2887 916 2968 denique
942 2886 1121 2969 Postulota,
1145 2908 1229 2971 quae

65 2994 108 3057 ad
132 3010 185 3057 res
202 2990 394 3073 dogmaticas
425 2994 578 3068 spectant,
603 2991 785 3070 etquidem
814 3010 851 3056 eo
875 2992 1000 3073 digesta
1022 2993 1141 3074 ordine,
1176 2997 1229 3076 qni

65 3098 182 3177 ordini,
214 3114 275 3178 quo
306 3095 378 3160 illae
410 3092 657 3158 constitutiones
692 3102 724 3160 et
753 3096 806 3161 illa
836 3095 1104 3162 constitutionum
1133 3098 1232 3165 Sche-
1276 3102 1302 3184 ff

65 3208 158 3269 mata
180 3202 239 3266 sibi
261 3199 444 3278 succedunt,
466 3200 647 3280 respondet.

174 3325 211 3390 In
234 3325 405 3412 secundam
426 3333 551 3408 partem
574 3324 750 3389 remisimus
773 3325 873 3404 primo
898 3322 1166 3391 Constitutionum
1190 3328 1230 3392 de

63 3432 162 3496 rebus
185 3430 379 3510 discipliuae
402 3430 581 3508 Schemate,
614 3447 695 3508 quae
719 3427 851 3494 concilii
874 3429 1023 3494 Patribus
1047 3431 1224 3510 distributa,

62 3538 187 3618 partim
221 3536 318 3600 etiarn
347 3538 380 3600 in
404 3534 709 3619 congregationibus
742 3535 950 3600 Generalibns
981 3536 1122 3600 discussa
1151 3544 1183 3600 et
1206 3556 1229 3601 a

62 3642 274 3725 deputatione
289 3659 346 3722 pro
371 3642 465 3707 rebus
481 3641 664 3722 disciplinae
677 3638 849 3705 reformata
864 3647 962 3721 erant,
983 3641 1096 3705 deinde
1121 3644 1231 3705 omnia

61 3765 148 3830 quae
172 3747 214 3810 ad
236 3747 433 3827 disciplinam
455 3747 615 3828 pertinent
630 3745 809 3824 Postuloto,
833 3750 865 3811 et
887 3747 1014 3827 quidem
1037 3746 1096 3812 hoc
1118 3746 1227 3811 ordine

62 3854 231 3935 disposita,
254 3857 289 3915 ut
311 3852 375 3932 illa,
398 3872 479 3935 quae
502 3873 522 3918 a
543 3871 659 3933 magno
674 3852 892 3934 episcoporum
914 3854 1110 3936 integrarum
1125 3852 1231 3916 natio·

62 3976 142 4023 num
165 3956 218 4020 vel
239 3957 470 4037 provinciarum
496 3976 626 4023 numero
650 3961 741 4021 erant
763 3960 935 4039 proposita,
964 3961 1139 4040 praemissa
1162 3958 1226 4022 sint

63 4070 98 4130 et
122 4065 301 4142 sequantur
326 4061 463 4143 reliqua,
494 4067 560 4126 tam
583 4080 603 4126 a
626 4061 758 4144 singulis
773 4081 867 4144 qnam
891 4083 910 4127 a
932 4063 1074 4144 pluribus
1096 4060 1229 4127 Concilii

60 4168 216 4235 Patribus
238 4168 408 4247 proposita,
433 4186 490 4233 suo
509 4166 653 4248 quodque
669 4166 747 4246 loco,
771 4168 904 4232 maxime
920 4169 1089 4232 secundum
1110 4185 1229 4241 rerum,¹

59 4294 143 4363 quas
166 4275 321 4351 tractant,
346 4273 561 4338 diversitatem
584 4273 718 4355 digesta.
