2872 4874
455 1166 619 1242 SECTIO
647 1168 809 1241 PRIMA.

100 1357 395 1461 ὓΗΕΜΑΤΑ
419 1357 1004 1484 consolatoriam,
1031 1352 1211 1500 bonni

156 1520 530 1621 PERTINENT
563 1521 650 1619 Al)
683 1519 1091 1624 Rndbndltns

498 1928 527 2009 1.
567 1924 753 2009 sodada

100 2083 386 2152 iNSTITUTIONIS
417 2085 474 2151 DE
497 2084 796 2151 REGULARIBUS
826 2084 1000 2156 PATRUM
1021 2085 1205 2152 EXAMINI

484 2189 762 2256 PROPOSITUM.

146 2333 322 2398 Dolendum
345 2332 549 2397 vehementer
571 2336 628 2412 est,
651 2330 806 2395 malornm
821 2329 1019 2411 quorundam
1039 2328 1200 2397 hominum

100 2420 212 2496 pnitiam
244 2438 281 2484 eo
310 2419 509 2501 processisse,
541 2423 577 2484 nt
605 2416 782 2500 Religiosos
805 2416 933 2482 ordines
965 2424 1126 2499 tamquam
1148 2419 1199 2483 In-

100 2509 222 2573 ntiones
241 2508 310 2590 jam
333 2508 527 2572 inveteratas
551 2513 583 2572 et
606 2505 775 2585 obsoletas,
801 2509 974 2586 nostroque
996 2523 1073 2571 aevo
1096 2507 1200 2572 neuti-

100 2609 136 2658 rn
158 2594 430 2674 accommodatas,
463 2595 519 2660 sed
547 2594 654 2677 potius
682 2594 792 2658 noxias
814 2597 934 2659 temere
965 2594 1199 2673 renunciarent

100 2680 170 2751 ‘inde
193 2703 230 2748 ac
258 2683 285 2747 si
308 2681 501 2765 Evangelica
531 2680 670 2767 Consilia
701 2700 720 2745 a
743 2679 869 2746 Christo
893 2680 1026 2747 Domino
1049 2681 1090 2746 ad
1113 2699 1200 2748 asse

100 2772 196 2837 ndam
219 2769 442 2852 perfectionem
472 2770 604 2850 tradita,
635 2767 823 2851 quandoque
846 2773 952 2839 essent
975 2768 1122 2834 societati
1145 2770 1201 2836 ob-

100 2876 161 2923 rra:
200 2860 347 2941 qnodque
384 2858 524 2923 deterius
562 2865 626 2936 est,
665 2856 697 2921 hi
731 2874 892 2937 nunqnam
926 2854 1075 2921 desinunt
1108 2857 1200 2923 malis

100 2943 214 3029 busque
248 2947 369 3011 artibus
400 2945 433 3009 in
462 2945 547 3027 ipsos
579 2945 712 3010 Ordines
744 2947 959 3025 contemptum
993 2944 1133 3010 excitare
1163 2963 1200 3011 aa

100 3050 152 3114 ere,
177 3054 238 3116 qno
262 3033 385 3099 facilins
408 3030 536 3098 valeant
557 3031 599 3097 ad
622 3049 730 3097 eorum
753 3030 999 3096 destructionem
1022 3033 1198 3113 pervenire.

100 3140 122 3186 rc
143 3121 218 3202 Nos,
242 3139 334 3187 sacro
357 3121 554 3203 approbante
570 3118 719 3196 Concilio,
738 3116 836 3185 falsas
860 3137 897 3183 ac
913 3116 1068 3201 malignas
1090 3120 1201 3203 hujus-

100 3209 371 3275 diinsinuationes
404 3213 551 3290 artesque
581 3209 800 3290 reprobantes,
836 3202 946 3273 fideles
969 3225 1078 3273 omnes
1109 3209 1200 3275 enixe

100 3295 232 3362 Domino
252 3296 461 3378 exhortamur,
491 3300 527 3360 ut
549 3314 612 3361 non
634 3294 727 3360 modo
754 3293 871 3361 talibus
894 3294 1008 3360 abduci
1031 3313 1095 3360 non
1117 3297 1200 3377 pati·

100 3402 135 3448 nr
150 3385 301 3451 doctrinis
315 3391 411 3464 atque
427 3382 590 3465 exemplis3
613 3401 724 3448 verum
739 3383 836 3448 etiarn
850 3389 886 3448 nt
901 3380 1057 3465 religiosis
1073 3382 1200 3449 familiis

100 3475 205 3554 topera
228 3473 268 3537 de
290 3471 441 3539 Ecclesia,
458 3477 491 3538 et
514 3472 553 3538 de
577 3470 659 3535 civili
681 3471 832 3537 societate
856 3471 1066 3550 benemeritis,
1091 3472 1199 3536 existi-

100 3558 194 3641 tionis,
220 3560 395 3625 devotionis
419 3566 451 3624 et
472 3558 588 3624 amoris
611 3558 702 3641 signa
725 3563 909 3624 constanter
925 3556 1109 3624 exhibeant.

142 3649 277 3730 Insuper
300 3647 502 3712 inhaerentes
528 3645 670 3729 vestigiis
703 3645 891 3713 Nostrorum
914 3644 1200 3711 Praedecessorum

100 3735 181 3801 nibns
196 3736 391 3801 inculcamus
406 3734 622 3801 Ecclesiarum
637 3730 802 3815 Praelatis,
826 3741 866 3799 ut
879 3732 1006 3798 easdem
1021 3731 1199 3814 Religiosas

100 3819 171 3890 tilios
207 3823 358 3890 benevolo
387 3822 520 3907 diligant
543 3818 667 3900 affectu,
697 3828 832 3904 paterna
866 3820 1019 3891 charitate
1049 3824 1198 3899 tractent,

100 3905 139 3976 iis
161 3912 305 3977 omnibns
329 3910 488 3993 adjuvent,
519 3908 648 3975 foveant
671 3928 709 3973 ac
732 3914 895 3974 tueantur:
926 3925 1078 3987 omneque
1101 3908 1199 3991 potis·

100 4011 151 4065 um
174 4000 312 4064 studium
328 3995 492 4064 conferant
515 3997 557 4063 ad
578 4015 686 4062 reram
702 3998 878 4063 animorum
902 3993 1100 4062 concordiam
1114 3995 1200 4061 inter

100 4100 166 4150 rum
202 4085 398 4152 saecularem
432 4090 465 4149 et
497 4083 677 4168 regularem
713 4086 813 4166 magis
848 4081 1128 4148 constabiliendarn
1161 4101 1199 4148 ac

100 4175 235 4253 rendam,
262 4178 298 4237 ut
321 4173 498 4239 arctissimo
526 4174 610 4237 inter
633 4191 667 4237 se
698 4172 863 4238 charitatis
894 4169 1018 4234 vinculo
1042 4169 1197 4250 obstricti,

100 4259 213 4339 iunctis
251 4262 369 4326 viribus
407 4279 520 4342 agrum
558 4260 748 4325 dominicum
787 4257 940 4335 excolere,
979 4261 1013 4321 et
1050 4256 1199 4338 praeliari
