2872 4874
146 1074 314 1141 Scbemata
337 1076 375 1141 de
397 1076 457 1140 bac
480 1080 617 1158 utraque
639 1096 674 1141 re
691 1077 866 1157 proposita
891 1074 1027 1142 Conciiii
1050 1076 1206 1141 Patribus

100 1185 105 1226 ι
120 1170 212 1228 mant
227 1164 409 1230 distribuite.
433 1162 600 1228 Nonnulla
616 1169 721 1229 autem
736 1163 918 1241 Postulata,
936 1184 1017 1247 quoae
1032 1163 1076 1229 aci
1090 1163 1206 1228 borum

100 1272 179 1315 rrum
201 1272 310 1315 rernm
332 1271 431 1315 unam
453 1252 501 1316 oei
524 1251 660 1315 aiteram
678 1251 856 1332 pertinent,
874 1251 1118 1333 postulationi
1139 1251 1206 1316 dis-

100 1338 199 1402 tinam
222 1339 445 1420 spectantibus,
468 1359 549 1419 quae
563 1359 667 1420 snpra
681 1339 933 1418 memoravimus,
950 1339 1098 1404 immista
1120 1345 1205 1404 mont.

100 1432 217 1490 aeterno
240 1427 300 1490 bric
316 1427 482 1508 pastinant
505 1425 675 1490 Postntata
696 1427 871 1507 sequentia.

439 1793 469 1874 1.
502 1791 809 1875 rosrntnnnn

325 1948 648 2015 anonrnniscom
674 1949 931 2018 aaannnsrs.

147 2111 171 2175 Ι.
195 2108 475 2172 Protestantismus
492 2106 665 2174 catholicae
680 2107 854 2190 Religionis
872 2109 1017 2174 inimicus
1033 2108 1205 2173 acerrimus

100 2198 157 2262 inc
177 2197 244 2278 jam
263 2202 303 2260 30
319 2197 409 2260 annis
425 2197 562 2277 incoepit
577 2214 730 2277 apparere
753 2197 787 2260 in
802 2195 903 2278 Syria,
927 2202 960 2260 et
975 2214 1083 2262 omnes
1098 2197 1206 2277 posuit

100 2303 124 2348 is
149 2286 190 2348 ad
206 2281 411 2348 diffundenda
433 2301 510 2348 suae
526 2283 687 2349 doctrinae
702 2303 826 2349 venena
847 2284 981 2349 diversis
1003 2284 1117 2361 modis;
1141 2286 1205 2349 cito

100 2373 167 2438 olas
183 2373 283 2436 erexit
299 2371 341 2435 ad
354 2372 596 2436 instructionem
610 2390 780 2454 puerorum
803 2377 836 2437 et
850 2372 1036 2454 puellarum,
1061 2377 1093 2436 et
1107 2371 1205 2437 libros

100 2460 232 2542 ttiplices
255 2459 433 2533 distribuit3
460 2459 581 2526 scilicet
603 2460 701 2525 libros
725 2459 757 2525 S.
780 2460 963 2541 scripturae
986 2463 1151 2540 corruptos
1174 2466 1206 2524 et

100 2567 119 2612 s
143 2566 181 2611 ex
202 2547 343 2627 professo
368 2553 604 2613 contrectantes
633 2548 758 2613 illorum
789 2567 912 2613 errores
945 2549 1044 2631 gratis
1068 2547 1109 2611 ad
1132 2565 1205 2628 pro·

100 2636 219 2708 :andam
243 2653 333 2699 suam
357 2636 544 2700 doctrinam.
590 2636 647 2701 Isti
670 2654 743 2701 vero
765 2636 839 2701 libri
856 2636 1033 2702 attulerunt
1055 2635 1206 2699 damnum

100 2724 219 2802 ituale,
252 2725 326 2804 quia
347 2724 552 2788 inveniuntur
574 2723 660 2805 apud
681 2724 833 2806 plurimos
857 2729 889 2788 et
917 2723 1146 2805 multiplicibus
1174 2724 1206 2787 iu

100 2830 126 2889 s,
150 2813 196 2875 ita
211 2816 247 2873 ut
260 2810 430 2891 prohibitio
457 2811 583 2876 illorum
600 2814 639 2876 ab
656 2808 834 2876 Ordinariis
848 2810 935 2875 haud
949 2812 1092 2892 potuerit
1114 2829 1206 2875 suum

100 2905 176 2964 :turn
199 2898 318 2962 habere
334 2900 521 2980 praesertim
545 2900 620 2979 qnia
643 2899 758 2964 desunt
779 2899 852 2964 libri
869 2898 1017 2964 catholici
1038 2900 1091 2981 qui
1114 2917 1207 2963 occu-

100 2992 119 3051 t
141 2988 241 3051 vicem
265 2988 397 3051 istorum
419 2988 583 3052 librorum.
630 2986 733 3052 Credo
762 2988 888 3052 unicum
916 2987 1090 3052 remedium
1112 2987 1206 3068 hujus

100 3076 143 3138 rbi
166 3092 273 3138 curam
307 3073 412 3138 facere
444 3080 480 3139 nt
510 3059 677 3139 traddntur
709 3076 794 3156 typis
828 3074 900 3139 libri
934 3093 1012 3140 vera
1033 3074 1206 3154 Religionis

100 3163 197 3242 rcipia
220 3164 424 3242 continentes,
449 3169 482 3226 et
504 3162 550 3226 illi
573 3163 672 3243 gratis
694 3162 934 3228 distribuantur.
979 3162 1206 3226 Verumtamen

100 3252 164 3313 amsi
187 3267 286 3330 usque
301 3250 403 3314 adhuc
426 3250 521 3330 pauci
535 3250 606 3314 illos
629 3257 704 3314 sunt
721 3253 847 3332 sequuti
862 3254 995 3332 propter
1018 3249 1204 3327 mercedem,

100 3337 243 3401 dominus
266 3335 375 3402 effusio
399 3337 523 3402 illorum
546 3338 699 3402 librorum
724 3356 820 3420 grave
844 3339 993 3403 damnum
1017 3336 1135 3403 attulit.

148 3425 188 3488 11.
222 3425 366 3489 Alterum
399 3425 515 3489 malum
545 3426 667 3490 animas
697 3426 849 3490 indirecte
877 3425 1019 3491 inficiens
1049 3430 1098 3489 est
1127 3422 1206 3487 illud

100 3513 127 3577 »d
149 3515 294 3593 provenit
317 3513 534 3594 ajuvenibuS,
557 3513 610 3594 qui
632 3512 672 3578 ad
696 3515 836 3577 studium
859 3514 1037 3595 linguarum
1058 3511 1206 3592 Europae

100 3602 288 3682 praesertim
311 3601 433 3665 Galliae
455 3601 642 3665 incumbunt
663 3601 696 3664 iu
720 3601 858 3682 collegiis
880 3600 945 3664 RR.
966 3600 1027 3664 ΡΡ.
1050 3598 1206 3664 missionis

100 3698 184 3752 :urae
208 3692 241 3751 et
264 3687 443 3752 Gasirensis
466 3689 531 3755 RR.
555 3688 617 3755 ΡΡ.
646 3688 849 3753 Jesnitarum.
895 3689 1034 3754 Juvenes
1066 3687 1119 3751 isti
1142 3687 1206 3751 col-

100 3775 405 3856 ium‘ingrediuntur
427 3781 532 3840 aetate
562 3780 600 3839 12
617 3783 674 3840 aut
700 3782 740 3842 14
767 3794 922 3841 annorum
945 3781 978 3840 et
1000 3774 1208 3857 egrediuntur

100 3870 151 3928 nte
170 3867 209 3926 16
225 3863 275 3928 vel
293 3868 333 3927 18
350 3881 514 3942 annorum,
537 3868 571 3927 et
585 3865 726 3945 quamvis
745 3865 877 3946 juvenes
896 3864 957 3942 isti,
980 3863 1014 3927 in
1030 3881 1089 3927 sua
1103 3861 1206 3943 primo

100 3955 150 4015 ate
171 3951 372 4015 inveniantur
395 3952 427 4014 in
452 3951 597 4031 collega,
621 3957 653 4015 et
674 3951 720 4016 ibi
742 3952 895 4017 Rectores
918 3956 951 4016 et
972 3950 1118 4032 magistri
1140 3966 1206 4013 om-

100 4057 115 4101 n
138 4038 326 4120 impendant
347 4055 456 4104 auram
488 4039 531 4103 ad
559 4038 629 4104 illos
659 4041 718 4103 rite
741 4039 953 4104 instituendos
984 4038 1018 4102 in
1040 4037 1206 4117 Religiosis

100 4126 205 4206 ncipiis
233 4132 266 4189 et
289 4125 434 4190 doctrina
465 4127 637 4191 christiana
666 4131 699 4190 et
718 4128 752 4191 in
783 4127 927 4191 omnibus
957 4125 1087 4207 pietatis
1118 4141 1206 4189 exer-

99 4214 126 4278 10
150 4217 183 4277 et
210 4211 461 4293 frequentatione
490 4213 546 4279 SS.
570 4213 862 4291 Sacramentomm3
897 4218 1038 4278 attamen
1063 4212 1205 4294 aprima

100 4319 170 4364 rum
205 4300 338 4365 decessu
361 4320 378 4365 e
403 4301 535 4382 collegio
567 4303 677 4366 statim
706 4300 855 4366 notabilis
889 4301 1022 4366 mutatio
1052 4301 1084 4365 in
1107 4299 1206 4365 vitam
