2872 4874
449 311 489 357 mr
512 308 656 365 accussrr
679 307 798 355 cnmsrr
820 307 841 353 1.
1186 291 1224 351 17

53 475 118 538 qua
144 452 342 518 credendum
366 450 406 514 ab
429 449 574 514 omnibus
595 445 714 512 Christi
736 445 881 511 fidelibus
904 450 961 524 est,
985 450 1128 511 sanctam
1144 446 1228 528 Apo-

53 544 204 609 stolicam
227 539 354 613 Sedem,
385 545 418 602 et
440 539 617 602 Romanum
639 534 824 599 Pontificem
852 535 884 597 in
907 535 1090 598 universnm
1117 534 1228 600 orbem

51 639 165 697 tenere
188 630 370 710 primatum,
403 630 436 691 et
462 627 564 706 ipsum
588 620 772 688 Pontificem
802 623 978 686 Romanum
1005 640 1224 687 successorem

52 738 124 784 esse
149 717 241 782 beati
263 714 353 780 Petri
375 714 525 795 principis
550 712 783 792 Apostolorum,
808 717 840 774 et
863 729 973 774 verum
996 709 1113 774 Christi
1130 710 1224 775 Vica-

52 810 148 885 rium,
173 805 339 883 totiusque
363 801 525 866 Ecclesiae
548 804 653 880 caput,
677 805 709 862 et
733 802 872 863 omnium
895 797 1147 862 Christianorum
1170 818 1226 880 pa·

53 903 137 959 trem
168 911 208 957 ac
237 891 400 955 doctorem
427 889 579 964 existere3
614 893 647 951 et
669 887 729 968 ipsi
760 888 793 949 in
823 885 918 951 beato
941 886 1036 951 Petro
1066 887 1226 966 pascendi,

55 980 190 1064 regendi
214 997 252 1043 ac
275 977 472 1060 gubernandi
495 973 706 1040 universalem
727 973 904 1039 Ecclesiam
927 975 1095 1040 aDomino
1118 982 1226 1041 nostro

55 1071 132 1134 Jesu
159 1065 291 1132 Christo
314 1066 440 1146 plenam
462 1069 654 1144 potestatem
678 1063 831 1126 traditam
856 1080 935 1142 esse;
959 1064 1225 1144 quemadmodum

56 1160 152 1222 etiam
176 1157 210 1218 in
234 1155 333 1235 gestis
356 1153 630 1218 oecumenicorum
654 1148 866 1215 Consiliorum
889 1157 922 1214 et
951 1151 982 1214 in
1006 1152 1105 1217 sacris
1132 1170 1226 1218 cano-

57 1246 149 1309 nibus
172 1243 364 1308 continetur.

164 1331 327 1395 Decernus
359 1327 491 1412 proinde
526 1333 559 1392 et
592 1326 800 1407 declaramus,
835 1324 1014 1390 Ecclesiam
1049 1328 1226 1392 Romanam

61 1421 249 1500 disponente
285 1417 420 1482 Domino
452 1433 548 1496 super
585 1432 694 1479 omnes
724 1415 804 1478 alias
840 1414 1020 1479 ordinariae
1054 1417 1227 1497 potestatis

60 1508 204 1571 obtinere
229 1505 451 1585 principatmn,
488 1511 520 1567 et
549 1502 630 1568 hanc
653 1503 786 1568 Romani
809 1499 971 1566 Pontificis
995 1502 1226 1582 jurisdictionis

60 1598 264 1676 potestatem,
297 1611 379 1673 quae
402 1610 476 1656 vere
499 1591 687 1672 episcopalis
709 1596 766 1668 est,
791 1590 1006 1653 immediatam
1028 1609 1115 1656 esse:
1150 1610 1228 1674 erga

64 1701 153 1763 quam
185 1680 411 1761 cujuscumque
437 1681 519 1744 ritus
548 1684 582 1743 et
612 1679 786 1760 dignitatis,
820 1683 966 1759 pastores
989 1684 1085 1759 atque
1106 1678 1226 1761 fideles,

62 1780 120 1834 tam
149 1786 298 1834 seorsum
329 1768 446 1849 singuli
474 1785 568 1848 quam
600 1767 693 1831 simul
723 1783 841 1844 omnes,
876 1764 978 1831 officio
1008 1765 1224 1833 hierarchicae

65 1856 337 1934 subordinationis
360 1873 518 1936 veraeque
540 1855 738 1918 obedientiae
761 1853 1013 1935 obstringuntur,
1037 1874 1100 1919 nou
1124 1856 1225 1921 solum

67 1945 222 2023 inrebus,
258 1962 339 2025 quae
362 1944 403 2008 ad
426 1942 519 2008 fidem
545 1949 577 2006 et
598 1960 712 2021 mores
746 1941 922 2006 sedetiam
944 1942 1048 2021 iniis,
1079 1961 1160 2023 quae
1183 1945 1225 2010 ad

75 2033 262 2114 disciplinam
298 2037 331 2096 et
353 2033 494 2112 regimen
521 2030 699 2107 Ecclesiae,
732 2049 790 2111 per
812 2034 916 2094 totum
945 2029 1054 2095 orbem
1083 2029 1223 2110 diffusae,

80 2122 238 2199 pertinent3
262 2120 308 2183 ita
331 2125 368 2183 ut
390 2119 550 2184 custodita
573 2137 643 2183 cum
666 2120 807 2182 Romarm
823 2116 975 2182 Pontifice
997 2124 1064 2183 tam
1088 2137 1225 2184 commu-

79 2207 168 2287 nionis,
195 2225 292 2288 quam
316 2207 459 2288 ejusdem
474 2205 547 2270 fidei
570 2205 774 2286 professionis
791 2205 924 2287 unitate,
947 2205 1091 2271 Ecclesia
1106 2205 1224 2274 Christi

72 2295 102 2357 sit
120 2313 205 2360 nnus
229 2313 308 2376 grex
330 2294 389 2360 sub
419 2313 481 2359 uno
509 2312 631 2359 summo
665 2298 803 2375 pastore.
860 2293 947 2359 Haec
969 2299 1019 2360 est
1048 2295 1224 2362 catholicae

70 2383 205 2448 veritatis
229 2383 382 2462 doctrina,
407 2402 427 2446 a
449 2400 513 2462 qua
536 2382 662 2446 deviare
685 2381 775 2447 salva
801 2380 863 2445 fide
885 2387 983 2463 atque
1006 2383 1109 2448 salute
1131 2403 1223 2450 nemo

67 2474 169 2550 potest.

164 2558 302 2622 Tantum
326 2563 432 2622 autem
456 2557 557 2633 abest,
586 2563 623 2621 ut
645 2557 725 2622 haec
747 2556 867 2621 Summi
889 2557 1052 2624 Pontificis
1081 2566 1224 2640 potestas

66 2643 177 2710 officiat
200 2645 380 2711 ordinariae
410 2663 447 2710 ac
476 2645 680 2709 immediatae
710 2645 757 2708 illi
780 2645 968 2726 episcopalis
994 2649 1224 2728 jurisdictionis

67 2734 224 2813 potestati,
248 2751 311 2814 qua
333 2733 489 2814 Episcopi,
515 2734 568 2814 qui
591 2733 729 2814 positia
752 2731 871 2815 Spiritu
894 2732 1011 2800 Sancto
1034 2737 1066 2800 iu
1088 2736 1224 2817 Aposto-

64 2820 160 2885 lorum
188 2820 292 2886 locum
324 2825 556 2899 successerunt,
592 2826 743 2902 tanquam
770 2822 837 2885 veri
863 2820 1015 2887 Pastores
1046 2825 1224 2906 assignatos

66 2908 121 2973 sibi
150 2927 275 2991 greges,
310 2908 425 2991 singuli
448 2907 598 2988 singulos,
633 2913 768 2990 pascunt
790 2913 824 2973 et
852 2914 977 2990 regunt,
1012 2917 1049 2975 ut
1071 2913 1225 2978 eadema

68 3013 211 3078 supremo
236 3003 270 3061 et
291 2996 462 3062 universali
485 2995 619 3060 Pastore
642 3001 812 3074 asseratur,
836 2997 1005 3061 roboretur
1028 3017 1066 3063 ac
1087 3001 1224 3065 vindice·

63 3089 121 3164 tur,
156 3084 283 3150 dicente
316 3089 427 3150 sancto
459 3083 615 3166 Gregorio
638 3082 774 3165 Magno:
806 3083 903 3149 Meas
930 3084 1032 3149 bonor
1054 3094 1101 3151 est
1123 3087 1224 3153 horror

64 3173 256 3237 aniversalis
267 3172 443 3238 Ecclesiae.
474 3171 571 3236 Meas
585 3171 685 3236 boaor
708 3177 754 3236 est
773 3172 916 3252 fratrum
938 3194 1078 3238 mearam
1099 3175 1224 3240 solidus

64 3260 161 3342 viper.
211 3260 294 3324 Tum
318 3280 374 3343 epo
396 3281 467 3327 cere
489 3259 666 3323 honoratas
688 3279 768 3336 sam,
792 3279 863 3323 cam
884 3260 1025 3342 stapulas
1047 3263 1223 3346 quibusque

62 3346 157 3413 bonor
181 3348 305 3413 debitus
326 3367 391 3412 aaa
414 3353 559 3431 negatur.
574 3349 601 3426 ¹)

164 3435 263 3500 Porro
287 3455 325 3500 ex
347 3453 493 3516 suprema
514 3435 570 3498 illa
584 3434 719 3499 Romani
741 3433 903 3500 Pontificis
925 3440 1085 3516 potestate
1107 3439 1222 3519 guber-

60 3524 153 3588 nandi
176 3524 358 3589 universam
372 3523 548 3588 Ecclesiam
566 3524 619 3604 jus
636 3523 739 3587 eidem
763 3540 831 3588 esse
848 3525 1057 3604 consequitur,
1081 3525 1222 3608 inhujus

60 3612 107 3675 sui
128 3612 270 3676 muneris
301 3613 452 3677 exercitio
482 3610 582 3674 libere
605 3611 856 3676 communicandi
886 3624 957 3676 cum
986 3613 1165 3693 pastoribus
1190 3620 1222 3679 et

57 3701 205 3781 gregibus
229 3700 326 3764 totius
342 3698 514 3778 Ecclesiae,
538 3704 575 3763 ut
596 3698 692 3762 iidem
708 3698 749 3763 ab
772 3700 840 3780 ipso
856 3699 888 3762 in
914 3700 961 3763 via
977 3698 1091 3765 salutis
1115 3701 1221 3766 doceri

59 3804 96 3851 ac
118 3789 188 3868 regi
210 3788 343 3868 possint.
378 3786 483 3864 Quare
506 3788 694 3851 damnamus
709 3805 749 3851 ac
771 3789 977 3868 reprobamus
1000 3788 1126 3853 illorum
1149 3808 1222 3854 sen-

57 3877 186 3955 tentiae,
216 3875 271 3956 qui
294 3874 377 3940 hanc
408 3875 548 3957 supremi
570 3874 682 3955 capitis
711 3892 780 3937 cum
804 3875 985 3957 pastoribus
1017 3882 1049 3940 et
1071 3877 1220 3959 gregibus

57 3963 374 4027 communicationem
396 3962 482 4027 licite
497 3962 640 4043 impediri
663 3979 757 4043 posse
779 3963 896 4042 dicunt,
921 3969 978 4028 aut
993 3965 1126 4029 eandem
1147 3967 1221 4031 red·

57 4050 136 4114 dunt
160 4050 319 4116 saeculari
342 4050 494 4133 potestati
516 4050 691 4130 obnoxiam,
714 4051 760 4114 ita
782 4055 819 4114 ut
842 4052 1043 4131 contendant,
1074 4070 1155 4132 quae
1178 4054 1219 4119 ab

57 4139 241 4220 Apostolica
265 4138 346 4204 Sede
368 4138 419 4202 vel
433 4139 503 4220 ejus
525 4139 714 4203 auctoritate
738 4137 780 4202 ad
802 4140 944 4220 regimen
959 4138 1123 4205 Ecclesiae
1146 4160 1220 4206 con-

56 4280 245 4290 —-.,.-...-.
255 4281 272 4284 .-

167 4331 188 4399 ι)
208 4331 235 4384 S.
255 4330 368 4397 Gregor.
388 4330 426 4384 M.
446 4328 481 4384 ad
499 4329 597 4396 Eulog.
617 4329 793 4382 Alexandrin.
814 4330 829 4381 l.
850 4328 923 4381 Vlll.
943 4344 984 4396 ep.
1004 4329 1089 4382 XXX.

108 4433 236 4485 Martia,
250 4432 406 4476 Documenta.
1098 4421 1115 4471 2
