2872 4874
225 342 288 403 216
691 394 696 401 .
731 355 900 404 mannire

224 496 308 574 Quin
329 496 392 560 imo
416 495 617 562 consociatur
639 495 735 560 etiam
762 500 873 562 sancto
895 494 1105 562 Oecnmenioo
1128 497 1283 563 Vaticano
1302 497 1362 564 Con·
1403 507 1428 556 s

225 582 306 650 cilio.
351 583 416 665 Ipsi
451 583 535 648 enim
569 583 663 648 adest
697 587 729 649 et
761 601 820 648 sua
843 584 1003 662 doctrina,
1040 591 1204 666 tamqnam
1238 585 1318 651 fonte
1334 587 1364 650 ad
1408 582 1413 599 '

132 746 136 750 .
225 670 396 737 hodiernos
430 689 554 736 errores
586 669 805 750 debellandos,
836 677 871 736 et
901 689 959 737 suo
989 670 1131 737 lenitatis
1161 673 1363 754 charitatisque
1406 674 1408 679 “

224 758 346 841 spiritu
372 762 406 823 et
427 759 494 824 suis
517 776 640 824 morum
662 758 796 840 regulis,
827 777 908 839 quae
931 764 1022 824 tonte
1051 765 1128 825 snnt
1149 761 1317 842 sapientia,
1339 767 1365 826 nt
1406 775 1428 819 a*

224 850 359 911 centena
395 850 429 922 et
461 852 597 912 centena
629 853 835 912 numerentur
873 848 995 928 scripta
1027 846 1143 929 quibus
1179 848 1267 913 haud
1296 850 1366 930 parri
1426 873 1428 885 ¹

222 934 359 999 nominis
381 937 527 999 auctores
552 933 698 999 omnibns
720 952 776 999 eas
798 934 934 1000 statibus
958 939 990 999 et
1013 936 1245 1002 conditionibus
1270 954 1365 1002 aemn-
1411 949 1428 1012 j

224 1022 356 1087 modare
377 1021 583 1102 susceperint.
1426 1091 1428 1095 .

240 1176 243 1182 ,
330 1109 445 1188 Quare,
468 1110 654 1175 Beatissime
677 1109 787 1188 Pater,
819 1108 1031 1174 Sanctitatem
1053 1110 1203 1177 Vestram
1226 1111 1365 1177 instantis

224 1199 304 1263 sime
327 1214 455 1262 oramus
477 1201 511 1262 et
531 1198 729 1262 obtestamur
751 1204 788 1262 nt
809 1197 895 1263 inter
910 1198 1064 1263 Doctores
1086 1199 1121 1263 in
1141 1198 1294 1279 Ecclesia,
1315 1216 1366 1264 cun
1397 1272 1401 1287 Ι

223 1283 327 1349 officio
349 1289 382 1349 et
396 1284 495 1348 missa
513 1286 708 1367 congruenti,
734 1285 870 1351 Oraculo
886 1285 950 1351 Suo
966 1285 1130 1368 Supremo,
1154 1285 1187 1351 S.
1202 1285 1367 1352 Franciscns

224 1371 366 1438 salesius
390 1371 624 1439 adnumeretur.
670 1372 732 1451 Qui
759 1372 860 1439 honor
891 1391 955 1437 non
982 1375 1051 1438 sine
1082 1374 1237 1455 singulari
1266 1375 1369 1439 divinae

224 1459 444 1542 providentiae
467 1460 608 1540 consilio,
640 1464 782 1543 tempore
813 1459 945 1526 Concihi
973 1459 1175 1527 Oecumenici
1203 1462 1369 1528 Vaticanis
1426 1512 1428 1519 ,

224 1545 400 1612 Sanctitate
423 1548 550 1629 Vestra,
574 1545 708 1613 Concilii
729 1549 866 1614 Auctore
889 1552 921 1613 et
943 1548 1103 1629 Praesidc,
1134 1550 1320 1616 tribuendus
1335 1547 1370 1614 illi

225 1640 379 1716 superest.
426 1634 519 1713 Quod
548 1637 633 1700 enim
657 1636 697 1700 ad
729 1639 852 1700 tantam
883 1635 1045 1701 Ecclesiae
1073 1637 1210 1720 gloriam
1232 1637 1372 1703 domitet

224 1721 301 1788 fecit
322 1723 356 1786 in
378 1727 427 1787 tot
460 1722 630 1789 haereticis
665 1723 707 1787 ad
739 1723 822 1793 ovile
855 1726 1024 1805 revocatis,
1058 1732 1090 1789 et
1123 1726 1157 1789 in
1190 1725 1328 1790 monbns
1345 1741 1372 1789 ac

110 1812 117 1832 ¹
226 1810 394 1891 disciplina
422 1811 642 1890 restituendis,
673 1810 733 1876 hoc
764 1811 962 1892 potissimum
996 1812 1029 1875 in
1053 1811 1184 1877 concilii
1218 1810 1373 1878 Tridentini
1425 1876 1428 1883 .

225 1898 362 1963 decretis
384 1898 501 1964 hausit.
547 1898 592 1963 Et
625 1918 697 1963 cum
727 1899 807 1964 haec
837 1898 947 1964 eadem
978 1901 1084 1965 omnia
1112 1901 1145 1964 in
1168 1900 1310 1966 Concilio
1328 1899 1372 1986 Va

116 2006 118 2013 ’
225 1988 332 2052 ticano
362 1984 523 2057 Sanctitas
555 1987 673 2052 Vestra
702 1986 914 2052 restauranda
944 1986 1012 2052 Sibi
1043 1992 1076 2052 et
1103 1988 1196 2053 nobis
1227 1991 1375 2071 proponet

224 2080 260 2139 et
280 2075 314 2141 in
346 2073 396 2139 his
419 2080 506 2139 totns
540 2074 712 2152 incumbat,
747 2087 847 2139 novus
881 2073 982 2140 honor
1016 2077 1071 2156 qni
1104 2094 1144 2140 ex
1175 2075 1206 2141 S.
1231 2074 1372 2141 Frandsci

224 2160 339 2228 Salesii
361 2163 533 2228 sanctitate
557 2166 589 2226 et
612 2162 759 2227 doctrina
780 2163 813 2225 in
837 2160 1011 2227 Concilium
1034 2162 1256 2228 Tridentinum
1279 2162 1370 2229 remu

226 2250 323 2330 davit,
346 2251 408 2316 erit
430 2251 535 2328 etiam,
560 2250 653 2315 titulo
669 2249 818 2314 Doctoris
833 2249 1006 2328 Ecclesiae,
1031 2250 1237 2316 oriundorum
1262 2246 1370 2315 ertu-

226 2338 299 2403 cilio
322 2338 480 2402 Vaticano
503 2337 659 2401 bonorum
681 2339 797 2418 pignus
820 2343 854 2402 et
876 2337 1067 2405 benedictio.

701 2560 914 2570 --·—--—...-..

701 2572 914 2581 ——--—..-.—

613 2756 666 2838 18.
701 2754 1008 2839 Pdsrbnnrbn

271 2930 327 2998 UT
351 2928 556 2997 OPIEICUM
577 2925 777 2997 SOOIETAS
804 2932 910 3012 ,DER
930 2931 1346 2999 GESELLllN-VEREIN“
1378 2965 1381 2973 ¹

230 3102 239 3111 ,
331 3036 359 3101 A
381 3035 413 3105 S.
437 3034 637 3102 CONGILIO
659 3035 873 3102 VATIOANO
895 3036 1128 3102 LAUDETUR
1150 3036 1296 3115 ATQUE

644 3139 980 3207 COMMENDETUR.

333 3300 421 3365 Inter
442 3300 548 3364 varias
571 3299 640 3380 pias
670 3301 848 3379 societates,
878 3318 960 3380 quae
987 3318 1065 3373 aevo
1089 3300 1242 3365 moderno
1266 3305 1392 3366 exortae

227 3388 350 3466 florent,
381 3386 530 3468 opificum
558 3388 694 3452 societas
722 3390 808 3467 „Der
831 3388 1140 3466 Gesellen·Verein“‚
1165 3404 1260 3468 quam
1281 3387 1394 3453 Elhm·

229 3474 345 3540 feldiae
373 3477 407 3538 in
436 3474 674 3540 Archidioecesi
696 3472 877 3540 Coloniensi
905 3493 988 3540 anno
1018 3478 1103 3540 1846
1134 3480 1276 3539 erectam
1298 3475 1396 3541 Adol-

228 3563 310 3644 phns
325 3561 464 3645 Kolping
486 3582 517 3644 p.
534 3581 585 3641 m.,
610 3567 707 3626 antea
728 3564 796 3644 ipse
812 3562 915 3644 opifex
938 3571 970 3627 et
989 3561 1103 3627 deinde
1126 3562 1168 3627 ad
1183 3563 1396 3628 sacerdotium

227 3657 400 3733 promotus,
418 3652 555 3715 maxima
570 3648 738 3731 charitate,
753 3652 923 3732 prudentia
939 3657 970 3714 et
990 3650 1121 3715 solertia
1137 3649 1276 3720 excoluit
1300 3655 1397 3733 atoue

227 3739 428 3820 propagavit,
461 3738 651 3818 singularem
675 3738 838 3803 Ecclesiae
861 3737 1030 3803 Pastorum
1057 3737 1313 3803 benevolentiam
1337 3737 1398 3804 sibi

227 3827 399 3891 vindicavit
427 3830 460 3890 et
491 3844 605 3890 revera
634 3831 785 3892 meretur.
831 3825 914 3889 Nam
944 3825 1139 3907 gravissimis
1157 3821 1203 3888 'in
1234 3826 1398 3906 periculis,

228 3915 341 3993 quibus
363 3913 525 3997 praesenti
552 3919 697 3994 tempore
727 3914 871 3996 juniores
902 3911 1039 3994 opifices,
1072 3911 1205 3978 sublatis
1233 3912 1300 3995 jam
1334 3932 1398 3979 om·

227 4004 319 4067 nibus
342 4000 408 4067 lere
433 4001 555 4065 auxiliis
579 4006 612 4065 et
634 4001 754 4081 tutelis,
785 4019 865 4082 quae
897 4020 968 4066 cum
1000 4000 1143 4081 pristinis
1176 3999 1326 4080 opificum
1349 4020 1400 4065 or-

229 4089 354 4154 dinibus
378 4095 471 4154 erant
506 4089 706 4170 conjunctae,
738 4087 855 4169 ubique
883 4094 1040 4152 terrarum
1073 4087 1311 4152 circumdantur
1335 4106 1400 4153 non

227 4182 352 4242 tantum
377 4195 415 4241 ex
438 4180 530 4259 parte
553 4176 662 4241 mundi
683 4176 827 4257 perversi
850 4176 883 4240 in
906 4193 1031 4256 genere,
1056 4175 1112 4238 sed
1127 4176 1318 4257 praesertim
1341 4194 1401 4257 per

226 4265 299 4329 illas
322 4263 509 4328 falsissimas
542 4264 799 4344 perniciosasque
833 4263 1002 4342 doctrinas,
1038 4280 1119 4342 quae
1142 4261 1321 4328 Socialismi
1346 4283 1402 4330 no·

227 4353 312 4417 mine
336 4370 392 4432 per
415 4369 523 4415 omnes
546 4349 611 4416 fere
628 4349 778 4432 Europae
802 4359 911 4431 partes
934 4357 1096 4431 tamqnam
1111 4365 1227 4414 novum
1251 4357 1403 4416 terrenae
