2872 4874
606 333 613 351 ‘
638 325 798 374 Scffibiffl

618 495 757 567 CAPUT
778 498 819 566 11.

238 641 289 706 dd
310 642 396 706 uitae
409 637 568 720 perfectae
592 641 765 706 communis
779 638 1008 722 professionem
1030 638 1128 703 mium
1149 638 1183 703 'm
1197 635 1277 703 Sme-

133 728 342 795 tn'rnonialium
365 727 582 792 Monasten'is·
600 729 899 815 constabiliendum,
933 732 1063 808 praeter
1093 743 1133 790 ea
1154 725 1274 807 quaein
1330 732 1332 754 ³

133 817 339 899 praecedenti
369 816 474 898 capite
496 833 554 896 pro
587 815 744 896 religiosis
772 817 849 880 uiris
878 814 977 880 allata
1006 819 1096 894 sunt,
1129 812 1278 895 pecrrlmrit

133 903 232 970 veluti
254 905 337 970 ratio
360 904 538 982 concurrit,
552 902 743 985 periculum
765 921 877 984 nempe
902 902 1153 967 aemulationum
1172 919 1210 966 ac
1228 899 1279 964 dis-

67 1070 74 1080 ,
133 993 344 1071 motionum,
374 990 459 1070 quod
489 992 521 1054 in
552 992 597 1055 eis
627 992 730 1072 majus
753 1005 811 1069 est,
836 991 1028 1056 remouendi.
1080 987 1176 1053 Sacro
1197 988 1281 1070 igin

134 1079 332 1162 approbante
353 1077 494 1144 Concilio
524 1076 604 1144 baec
636 1079 822 1157 statuimus,
858 1078 1055 1144 decernimus
1082 1082 1179 1157 atque
1204 1092 1279 1158 pmc-

135 1169 311 1235 scribimus.
1320 1216 1323 1221 .

240 1254 369 1319 Nullum
391 1255 425 1318 in
447 1257 609 1334 posterum
625 1252 917 1319 Sanctimunialium
940 1270 1056 1325 norum
1072 1251 1281 1317 Mamurium

135 1343 290 1424 erigatur,
324 1340 376 1406 vel
408 1343 503 1406 etiam
526 1342 565 1404 de
592 1340 663 1421 jure
686 1341 738 1405 vel
770 1340 811 1405 de
831 1339 916 1405 iacto
945 1346 1073 1405 tantum
1095 1354 1281 1420 suppressum
1330 1364 1332 1369 ·

61 1492 65 1504 ,
134 1430 322 1495 restituetur
345 1430 413 1493 sine
435 1446 585 1512 expressa
615 1427 794 1493 conditione
817 1433 849 1492 et
871 1428 944 1510 lege
965 1429 999 1492 in
1021 1431 1210 1509 perpetuum
1231 1443 1283 1491 ser·

134 1516 257 1582 rendae
280 1517 364 1580 ritae
392 1516 551 1597 perfectae
574 1517 768 1596 cummunis3
802 1533 893 1581 secus
917 1515 1036 1581 erectio
1066 1515 1118 1579 rel
1141 1513 1286 1579 restitutio

134 1605 227 1669 irrita
242 1621 369 1686 prorsus
391 1604 559 1670 habeatur.
595 1603 756 1684 blaniales,
780 1622 862 1684 quae
884 1605 918 1668 in
932 1601 1085 1684 praefatis
1100 1600 1288 1667 monasteriis

134 1698 210 1757 uota
241 1693 405 1771 emittunt,
438 1696 606 1772 praecepto
639 1691 781 1773 ejusdem
804 1692 888 1756 vitae
922 1693 1095 1755 communis
1125 1688 1286 1754 servandae

134 1780 260 1846 omnino
289 1784 468 1845 teneantur.
518 1778 770 1857 Postulantibus,
803 1797 885 1860 quae
917 1778 1148 1843 Monasterium
1178 1774 1287 1860 ingredi

134 1867 243 1933 uolunt
255 1868 296 1932 ad
311 1865 456 1932 effectum
471 1865 648 1947 profitendi,
664 1872 868 1948 praeceptum
880 1866 964 1930 illius
979 1867 1066 1931 vitae
1081 1865 1285 1942 denuncietur,

136 1955 346 2037 quoddeuuo
369 1953 439 2019 fieri
462 1954 576 2018 debeat
598 1961 767 2035 antequam
782 1955 957 2019 monastico
980 1954 1094 2019 habitu
1116 1953 1291 2018 induentur,

136 2042 281 2109 Homnae
301 2061 378 2108 uero
401 2047 475 2107 ente
497 2042 736 2123 professionem,
767 2043 862 2106 vitam
886 2043 986 2123 ipsam
1016 2039 1196 2122 perfectam
1218 2057 1287 2107 com·

137 2147 271 2210 munem,
295 2131 323 2194 si
345 2135 422 2196 vota
444 2131 593 2194 emittant
615 2131 647 2194 in
670 2130 874 2208 Monasterio,
903 2131 938 2193 in
959 2147 1021 2209 quo
1045 2147 1084 2192 ee
1106 2129 1223 2210 uigeat
1240 2143 1285 2193 ex·

137 2236 245 2300 presse
265 2218 494 2300 polliceantur:
524 2219 552 2282 si
574 2235 649 2283 vero
673 2218 705 2280 in
727 2217 929 2296 monasterio,
960 2217 993 2281 in
1015 2233 1077 2297 quo
1100 2217 1237 2282 nundm
1252 2230 1290 2278 es*

136 2306 319 2380 imnoduma
341 2306 392 2385 sit,
414 2305 556 2386 polliceri
576 2305 722 2383 debeant,
747 2322 818 2371 sese
843 2310 974 2386 perstas
992 2321 1062 2368 esse
1086 2304 1130 2368 ad
1158 2301 1289 2369 mules

137 2391 391 2478 amplectendam
415 2392 524 2457 statim
548 2411 586 2457 ac
610 2411 631 2456 a
652 2391 1046 2472 superioribus-introduci
1069 2390 1156 2456 velit.

241 2479 279 2544 In
295 2478 586 2545 Sanctimonialium
601 2481 800 2544 monasteriis
819 2481 887 2560 jam
902 2479 1120 2558 existentibus,
1137 2479 1173 2542 in
1189 2476 1297 2559 quibus

135 2570 202 2634 vita
224 2568 399 2633 communis
420 2565 562 2648 perfecta
584 2584 647 2632 non
670 2567 764 2648 viget,
782 2566 940 2648 Episcopi,
963 2566 1014 2630 vel
1037 2566 1091 2630 elii
1109 2567 1298 2648 superiores,

135 2656 250 2737 quibus
273 2655 463 2719 monasteria
485 2655 629 2736 subjecta
650 2663 734 2733 sunt,
768 2656 810 2719 ed
832 2674 904 2720 eam
927 2654 1207 2736 praescribendam
1228 2671 1300 2736 pru·

81 2745 83 2751 '
136 2744 249 2808 denter
272 2760 306 2806 se
328 2760 437 2823 gerere
460 2742 586 2823 debent,
609 2761 649 2808 ne
673 2760 764 2807 secus
780 2745 901 2825 majora
923 2741 1122 2807 incommoda
1143 2743 1296 2807 oriantur.

135 2829 339 2913 Perpendant
360 2830 506 2894 nimirum
535 2829 709 2912 peculiaria
738 2849 845 2895 rerum
868 2831 1037 2911 adiuncta,
1071 2838 1105 2894 et
1127 2830 1155 2895 si
1184 2829 1226 2894 de
1247 2827 1298 2892 illa

136 2917 368 2984 introducenda
388 2919 421 2982 in
444 2917 578 2983 Domino
593 2937 690 3000 agere
708 2917 931 3003 judicaverint,
954 2935 1018 2982 non
1040 2918 1303 2992 comminationes

136 3004 318 3086 adhibeant,
340 3005 397 3071 sed
412 3005 565 3071 Moniales
580 3006 622 3069 ad
636 3011 817 3088 exoptatam
834 3004 1019 3086 disciplinae
1032 3005 1298 3070 restaurationem

135 3093 279 3174 paternis
316 3093 591 3158 adhortationibus
632 3099 666 3158 et
703 3092 920 3176 spiritualibus
958 3092 1113 3158 exercitiis
1150 3109 1302 3158 revocare

101 3193 104 3197 ’
136 3185 256 3245 merent.
302 3180 442 3246 Audieni
464 3183 553 3263 prius
576 3199 684 3246 omnes
706 3188 740 3247 et
760 3180 912 3262 singulm,
936 3186 973 3245 ut
994 3181 1095 3261 probe
1118 3180 1304 3261 exploretur

98 3333 99 3336 ,
137 3286 248 3333 earum
270 3269 404 3348 animus,
428 3287 465 3333 ac
488 3273 577 3334 certo
601 3269 867 3350 deprehendatur,
891 3286 972 3350 quae
995 3267 1178 3350 hujusmodi
1200 3266 1298 3332 reior-

136 3356 267 3421 mationi
289 3356 425 3421 libenter
445 3358 650 3438 acquiescant
673 3363 729 3422 aut
753 3361 862 3422 contra
884 3355 1094 3436 obluctentur,
1126 3362 1159 3419 et
1182 3373 1246 3436 quo
1268 3354 1300 3418 in

136 3460 273 3509 numero
290 3449 515 3509 recenseantur
530 3443 614 3521 illae,
637 3462 720 3524 qnae
734 3449 841 3509 aetate
856 3442 918 3508 aut
931 3443 1122 3507 auctoritate
1138 3443 1300 3524 graviores

136 3531 304 3598 habentur.
363 3531 397 3596 Si
427 3531 528 3611 maior
561 3549 636 3612 pars
659 3539 803 3612 paratam
834 3532 877 3596 ad
904 3530 1159 3597 reformationem
1189 3548 1225 3594 se
1248 3547 1298 3595 ex-

25 3691 28 3695 ,
135 3618 252 3698 hibeat,
276 3620 394 3700 poterit
422 3618 619 3700 Episcopus,¹
637 3618 687 3684 vel
711 3620 793 3684 alius
816 3619 971 3700 superior,
1001 3618 1063 3683 nisi
1089 3617 1187 3683 aliter
1208 3618 1239 3682 ei
1259 3617 1300 3683 ob

136 3705 312 3787 peculiares
333 3724 446 3772 causas
468 3707 628 3787 rideatur,
655 3707 754 3772 vitam
778 3724 973 3771 communem
1003 3704 1180 3787 perfectam
1202 3705 1300 3770 intro

137 3794 260 3876 ducere,
284 3794 450 3860 tolerando
473 3800 510 3858 ιιι
532 3799 702 3859 renuentes
732 3795 766 3858 in
788 3795 886 3875 priori
909 3798 997 3858 statu
1018 3800 1225 3871 remensium
1256 3793 1303 3856 ita

135 3887 242 3947 tamen
271 3888 308 3947 ut
337 3883 425 3964 ipsae
458 3887 630 3946 tencantur
664 3882 697 3945 in
730 3900 858 3962 capsam
886 3898 1084 3947 communem
1116 3881 1297 3946 monasterii

136 3971 303 4050 pecuniam
325 3969 456 4047 inferre3
489 3987 549 4034 nec
572 3988 610 4033 ea
631 3971 680 4034 uti
702 3970 834 4050 possint,
856 3970 918 4035 nisi
940 3969 983 4034 ad
1003 3985 1079 4033 suos
1100 3969 1299 4034 necessarius

137 4058 350 4138 honestosque
370 4075 456 4137 usus,
480 4059 612 4122 obtenta
639 4058 727 4137 prius
748 4076 770 4122 a
793 4057 1001 4138 superiorissa
1023 4055 1156 4135 singulis
1178 4056 1298 4120 vicibus

136 4144 274 4210 licentia
319 4145 346 4208 E
370 4151 483 4212 contra
512 4145 541 4210 si
570 4144 672 4225 major
693 4145 875 4209 moniaHum
905 4161 981 4226 pars
1004 4142 1224 4208 reformationi
1246 4143 1299 4208 ob·

136 4233 242 4312 aaut,
277 4232 319 4296 ad
350 4232 437 4296 aliud
471 4232 679 4313 opportunius
709 4239 834 4313 tempus
864 4230 1038 4297 differenda
1059 4248 1111 4295 res
1134 4231 1214 4310 erit3
1249 4229 1298 4294 rel

136 4319 249 4385 saltem
272 4320 313 4384 ad
335 4321 368 4384 id
390 4321 552 4402 temporis,
577 4337 639 4401 quo
655 4319 817 4401 Moniales,
840 4338 920 4400 quae
944 4321 976 4384 in
991 4316 1187 4400 pmiessione
1200 4319 1299 4383 uitam
