2872 4874
229 323 273 382 84
725 331 894 380 rosrumm

333 422 483 538 'Getemm
513 473 555 537 ad
586 471 682 553 pedes
704 471 789 537 Tuos
819 473 977 554 provoluti
1000 491 1057 554 pro
1089 472 1180 537 nobis
1204 479 1236 538 et
1259 472 1396 554 populis,

229 579 307 643 quos
339 561 380 626 ad
408 561 510 625 Deum
540 560 758 642 perducendos
786 562 974 642 accepimus,
1011 560 1226 642 Apostolicam
1257 561 1397 642 petimus

196 732 197 738 η
228 649 499 716 Benedictiouem.

335 755 452 820 Datum
475 755 594 820 Romae
620 758 669 819 12.
694 754 839 820 lanuarii
865 758 957 817 1870.

502 850 507 859 ⁸
662 874 847 943 Sanctitatis
870 876 957 942 Tuae

393 997 579 1078 Humillimi,
604 1000 895 1080 obsequentissimi,
920 1001 1123 1066 Devotissimi
1145 1000 1236 1065 Servi

326 1138 414 1203 Hnic
432 1138 647 1219 postulationi
669 1119 927 1222 subscripserunt
948 1145 990 1204 40
1015 1139 1150 1206 Concilti
1171 1140 1301 1207 Patres,

706 1411 916 1418 W..

618 1593 655 1675 4.
700 1592 1006 1677 Postumium

182 1826 186 1831 .
229 1768 551 1837 ARCHIEPISCOPI
568 1768 1053 1835 WESTMONASTERIENSIS
1069 1771 1127 1834 AD
1147 1767 1397 1837 DOCTRINAM

334 1875 393 1940 DE
415 1874 581 1942 ROMANI
603 1873 837 1941 PONTIFICIS
860 1873 1050 1941 PRIMATU
1072 1873 1297 1942 SPEOTANS.

261 2035 414 2101 Rationes
436 2035 534 2117 linjns
550 2033 790 2115 propositionis
812 2053 851 2098 en
873 2032 996 2116 adjecto
1027 2033 1181 2099 schemate
1201 2035 1366 2114 patebant,

390 2193 414 2256 1.
439 2191 560 2258 Caroni
582 2191 667 2257 XIV.
691 2191 830 2256 addatur
851 2190 911 2255 hoo
933 2192 1063 2256 tertium
1085 2193 1279 2257 membrum:

318 2302 414 2378 ·„aut
441 2298 546 2379 ipsum
577 2296 804 2380 jurisdictionis
833 2297 1005 2377 primatum
1034 2297 1083 2360 vel
1112 2300 1281 2379 potestatis
1304 2299 1397 2380 spiri-

229 2385 326 2451 tualis
356 2386 568 2468 principatum
600 2385 634 2449 in
661 2389 762 2449 totam
784 2384 960 2448 Ecclesiam
990 2381 1064 2449 non'
1085 2383 1181 2450 inisse
1212 2387 1272 2461 soli
1300 2386 1396 2454 Petro

229 2475 361 2557 ejusque
385 2473 626 2539 successoribus
649 2472 799 2537 divinitus
824 2471 988 2551 collatum;
1013 2468 1185 2538 anathema
1208 2475 1278 2539 sit.“

387 2595 428 2660 ΙΙ.
452 2593 590 2660 Canonis
613 2595 697 2659 XVI.
721 2594 862 2659 membro
886 2596 983 2676 priori
1007 2595 1065 2661 hoc
1088 2595 1226 2662 addatur
1247 2598 1398 2665 incisum:

340 2706 453 2783 „atque
468 2705 533 2766 tam
556 2702 589 2764 iu
605 2719 713 2766 omncs
736 2699 830 2765 simul
845 2718 939 2780 quam
962 2701 1102 2781 singulos
1127 2719 1270 2768 scorsum
1286 2702 1399 2770 Eccle-

174 2800 176 2804 ’
229 2789 294 2856 siae
316 2793 490 2870 pastores“

387 2911 444 2975 III.
468 2912 545 2977 Post
567 2909 727 2976 Cononem
750 2910 834 2976 XVI.
857 2911 1020 2976 inseratur
1043 2910 1167 2979 Canon:

340 3014 393 3095 „si
416 3017 486 3097 quis
512 3017 625 3080 dixerit
650 3015 779 3081 decreta
802 3014 876 3080 fidei
899 3022 931 3082 et
955 3036 1076 3083 morum
1101 3019 1187 3083 edita
1209 3038 1229 3085 a
1251 3019 1398 3087 Romano

166 3143 169 3148 -
228 3101 381 3168 Pontifice
404 3108 555 3185 tanquam
577 3123 597 3168 a
620 3122 768 3186 supremo
792 3104 890 3169 totius
913 3105 1077 3170 Ecclesiae
1100 3106 1233 3171 Pastore
1256 3112 1291 3173 et
1315 3110 1401 3176 Doc-

225 3195 298 3256 ¹tore
328 3197 404 3257 ante
434 3192 567 3257 aliorum
598 3194 664 3256 sive
695 3192 834 3274 plurium
866 3194 933 3258 sive
964 3194 1147 3274 pauciorum
1176 3196 1401 3278 episcoporum

228 3297 416 3344 eonsensum
439 3298 532 3361 posse
555 3278 720 3344 reformari
745 3280 808 3363 (vel
831 3279 1044 3346 reformabilis
1067 3283 1169 3365 esse):
1206 3289 1263 3348 aut
1286 3286 1400 3351 eadem

228 3368 366 3432 examini
387 3367 437 3433 vel
468 3367 585 3448 judicio
616 3366 747 3432 alterius
778 3368 873 3434 ullius
905 3371 1104 3435 auctoritatis
1136 3372 1231 3436 etiam
1265 3370 1400 3439 concilii

228 3452 428 3521 Oecumenici
462 3457 508 3521 ita
537 3456 650 3538 subjici
673 3474 776 3536 posse,
811 3462 848 3520 ut
875 3456 971 3523 liceat
1002 3457 1057 3522 illa
1083 3460 1148 3523 sive
1172 3461 1305 3542 rejicere
1330 3463 1395 3526 sive

228 3543 384 3624 recipere:
419 3549 515 3626 atque
537 3543 641 3625 ipsum
663 3543 839 3608 Romanum
864 3545 1047 3611 Pontificem
1077 3547 1198 3630 judicio
1221 3547 1273 3612 vel
1296 3549 1393 3615 refor-

227 3632 360 3713 mationi
383 3631 562 3714 hujusmodi
582 3633 773 3698 renitentem
796 3651 888 3714 posse
905 3653 925 3698 a
940 3632 1080 3699 Concilio
1103 3636 1316 3703 Oecumcnico
1339 3654 1392 3720 per

228 3722 336 3784 actum
351 3721 523 3801 superioris
536 3720 764 3803 jurisdictionis
786 3721 901 3804 corrigi
916 3722 967 3787 vel
981 3723 1108 3803 deponi3
1132 3723 1306 3790 anathema
1320 3727 1387 3791 sit.“

337 3825 398 3890 Dic
424 3830 475 3890 15.
498 3826 663 3891 Februarii
690 3830 781 3892 1870.
906 3832 912 3838 “

603 3988 623 4067 †
646 3985 803 4050 Henricus
825 3985 995 4050 Eduardus
1017 3985 1282 4069 Archiepiscopus

767 4089 1127 4157 Westmonasteriensis.

705 4349 915 4360 Μ

704 4361 915 4373 —·⁶-··——·—·0-
