2872 4874
450 324 490 372 DE
513 323 657 372 romeam
679 323 809 372 CHRISTI.

485 615 788 702 OANONES

360 795 422 861 nn
445 793 682 862 aoonnsra
705 792 906 864 onnrsrr.

624 987 648 1052 L

160 1127 195 1196 Si
217 1130 290 1212 quis
305 1128 428 1209 dixerit,
453 1127 571 1194 Christi
586 1127 772 1210 religionem
794 1128 827 1192 in
842 1127 931 1193 nulla
952 1127 1106 1210 peculiari
1119 1130 1218 1200 socie.

64 1223 119 1285 tate
140 1216 182 1282 ab
207 1216 277 1299 ipso
301 1213 428 1282 Christo
451 1214 584 1281 fundata
606 1222 784 1281 exstantem
808 1223 839 1281 et
855 1234 1036 1298 expressam
1058 1234 1138 1297 esse,
1162 1217 1219 1284 sed

65 1303 231 1387 asingulis
263 1321 417 1383 seorsum,
453 1322 516 1369 non
539 1303 649 1369 habita
678 1305 800 1369 ratione
829 1304 994 1369 adullam
1023 1305 1219 1386 societatem,

63 1411 235 1548 praebuere
266 1391 366 1546 ipsius
389 1389 535 1458 Ecclesia
556 1393 606 1469 sit,
639 1391 700 1456 rite
730 1391 892 1457 observari
924 1397 958 1457 et
980 1391 1080 1458 excoli
1110 1411 1220 1474 posse;

62 1499 114 1547 ana
152 1498 227 1547 ema
250 1497 303 1547 sr.

614 1636 653 1701 ΙΙ.

155 1760 287 1842 Siquis
312 1759 436 1839 dixerit,
459 1758 637 1825 Ecclesiam
660 1776 680 1822 a
702 1757 829 1824 Christo
854 1759 986 1825 Domino
1010 1759 1130 1824 nullam
1153 1777 1221 1826 oer-

62 1854 119 1914 tam
131 1868 171 1916 ac
194 1846 425 1913 immutabilem
442 1847 675 1912 constitutionis
697 1845 830 1912 formam
846 1848 1015 1927 accepisse,
1040 1847 1098 1912 sed
1119 1865 1220 1930 aeque

67 1936 248 2018 aurelianas
270 1934 433 2000 hominum
447 1935 625 2012 societates,
650 1952 707 2016 pro
731 1944 908 2015 temporum
923 1935 1109 2000 diversitate
1129 1935 1222 2000 vicis-

71 2024 247 2090 situdinibus
270 2029 303 2088 et
325 2022 657 2088 transformationibus
687 2022 862 2103 subiectam
885 2021 990 2101 luisse,
1030 2029 1087 2088 aut
1109 2023 1222 2106 subjici

78 2129 158 2192 poam
186 2109 361 2179 anathema
384 2112 434 2175 sit.

611 2283 667 2350 111.

159 2408 291 2489 Siquis
320 2408 443 2488 dixerit,
478 2408 657 2474 divinarum
686 2407 928 2489 promissionum
957 2406 1130 2473 Ecclesiam
1157 2427 1220 2474 non

65 2511 125 2562 esse
155 2497 342 2562 societatem
369 2504 531 2561 externam
555 2514 593 2559 ac
617 2496 828 2577 conspicuam,
859 2495 917 2560 sed
939 2500 1040 2560 totam
1061 2496 1219 2563 internam

64 2599 95 2647 ac
114 2584 324 2662 invisibilem
347 2583 520 2648 anathema
542 2584 593 2648 sit.

161 2896 196 2962 Si
224 2898 295 2978 quis
323 2897 446 2977 dixerit,
480 2917 587 2962 veram
617 2897 793 2963 Ecclesiam
823 2917 885 2964 non
912 2917 983 2963 csse
1012 2901 1165 2965 nnumin
1188 2919 1222 2966 se

62 3001 180 3068 corpus,
204 2985 262 3050 sed
284 3004 322 3048 ex
344 2986 440 3050 variis
464 2985 646 3066 dissitisque
675 2985 838 3051 christiani
859 2986 994 3051 nominis
1017 2988 1222 3053 societatibus

63 3082 216 3153 constare,
250 3091 309 3154 per
333 3091 450 3155 easque
482 3070 627 3138 diffusam
655 3092 739 3151 esse,
774 3078 830 3138 aut
862 3073 965 3138 varias
988 3076 1158 3140 societates
1182 3077 1222 3141 ab

62 3160 192 3226 invicem
215 3158 291 3225 fidei
314 3159 509 3241 professione
532 3161 721 3226 dissidentes
746 3168 842 3243 atque
858 3162 1073 3226 communione
1098 3165 1223 3246 sejunc-

62 3255 118 3328 tas,
143 3254 298 3330 tanquam
320 3248 464 3313 membra
490 3247 542 3313 vel
564 3254 671 3330 partes
695 3268 791 3313 unam
818 3255 850 3313 et
874 3249 1084 3314 universalem
1108 3253 1224 3318 consti-

62 3342 151 3407 tuere
174 3333 297 3401 Ghristi
317 3333 509 3416 Ecclesiam3
534 3336 703 3400 anathema
726 3338 777 3400 sit.

624 3547 661 3611 V.

165 3666 201 3732 Si
228 3667 302 3748 quis
334 3666 457 3746 dixerit,
494 3667 671 3733 Ecclesiam
698 3667 817 3733 Christi
849 3686 911 3733 non
942 3687 1012 3734 esse
1041 3670 1225 3734 societatem

57 3755 96 3820 ad
119 3762 288 3821 aeternam
320 3754 456 3820 salutem
479 3756 732 3838 consequendam
764 3757 889 3822 omnino
912 3758 1139 3835 necessariam,
1169 3763 1226 3822 aut
1349 3797 1352 3803 -

57 3842 203 3996 &omines
239 3861 299 3924 per
331 3841 470 3924 cujusvis
508 3843 669 3925 religionis
704 3844 821 3909 cultum
854 3844 972 3908 salvari
1004 3863 1114 3927 posse;
1149 3862 1226 3908 ana-

92 3951 166 3998 ema
191 3931 244 3997 sit.

620 4107 671 4172 VI.

162 4230 198 4296 si
214 4231 286 4310 quis
309 4229 433 4308 dixerit,
456 4229 692 4296 intolerantiam
708 4229 806 4308 illam,
829 4248 892 4311 qua
906 4228 1050 4294 Ecclesia
1072 4227 1228 4295 catholica

50 4337 165 4386 omnes
187 4316 357 4398 religiosas
380 4323 485 4382 sectas
510 4337 529 4382 a
552 4336 611 4383 sna
633 4318 849 4382 communione
871 4323 1036 4398 separatas
1058 4319 1228 4398 proscribit
1300 4327 1302 4332 '

1088 4439 1120 4492 4*
