2932 4896
236 317 300 377 250
722 327 903 374 nociturum

235 489 318 548 care,
341 470 415 551 quia
437 470 469 533 in
491 467 617 533 illomm
643 466 787 532 Ecclesia
809 486 871 532 non
895 472 969 531 sunt
992 469 1131 550 separati
1153 487 1210 549 per
1231 469 1395 548 cancellos

235 558 330 622 sicuti
364 565 414 622 est
446 558 480 620 in
503 555 646 622 Ecclesia
678 556 832 620 nationali
867 557 922 620 ubi
953 556 1102 622 mulieres
1136 557 1257 622 habent
1292 555 1396 622 locum

235 651 418 726 separatum
441 646 525 709 intra
547 642 710 709 cancellos.

341 740 371 797 4.
407 731 486 797 Cum
524 734 556 796 in
590 733 699 812 primis
736 731 847 796 dicbus
884 732 1211 813 quadragesimalibus
1240 733 1396 814 incipiunt

236 822 419 886 sacerdotes
433 820 611 886 actionales
628 820 777 884 exercitia
792 820 970 901 spiritualia
984 821 1101 902 populo
1117 821 1203 898 dare,
1220 820 1284 902 ipsi
1301 821 1397 885 etiam

235 911 390 991 incipiunt
411 909 445 972 in
467 926 525 972 sna
548 907 692 972 Ecclesia
715 909 863 972 exercitia
886 908 1066 989 spiritualia
1081 909 1204 990 publice
1227 907 1342 987 iacere,
1366 914 1397 973 et

235 999 296 1079 ipsi
321 997 430 1061 Patres
452 996 592 1060 Jasuitae
615 1005 803 1076 percurrunt
827 996 935 1060 doulos
962 997 1003 1060 ad
1026 996 1222 1061 invitandum
1245 994 1397 1078 populum

236 1084 278 1150 ad
300 1084 450 1150 exercitia
472 1084 650 1165 spiritualia
681 1085 764 1165 apud
792 1084 877 1164 ipsos
900 1083 1059 1163 iacienda,
1087 1090 1119 1148 et
1142 1085 1396 1166 apertedenun-

235 1175 320 1238 ciant
343 1171 428 1253 quod
451 1173 639 1252 quicumque
671 1191 734 1236 non
757 1170 853 1236 iaciat
883 1173 1032 1236 exercitia
1054 1171 1233 1254 spiritualia
1256 1178 1291 1237 et
1314 1190 1399 1238 com-

236 1263 412 1326 munionem
443 1262 528 1340 apud
557 1261 642 1340 ipsos
670 1264 755 1324 certe
787 1260 905 1323 amittit
934 1260 1147 1340 indulgentias
1179 1260 1219 1324 ad
1242 1260 1303 1325 hoc
1325 1278 1399 1325 con·

237 1365 358 1424 cessas3
382 1353 415 1412 et
430 1347 501 1411 ideo
517 1347 739 1429 quamplurimi
754 1365 823 1412 sese
839 1348 959 1411 ducunt
974 1347 1058 1429 apud
1073 1348 1144 1414 illos
1160 1354 1192 1412 et
1207 1349 1397 1429 praesertim

235 1435 370 1501 feminae
385 1436 581 1500 immoralem
596 1437 746 1500 ducentes
765 1437 880 1508 vitam;
904 1454 984 1516 quae
999 1443 1166 1517 postquam
1190 1435 1400 1518 egrediuntur

236 1525 276 1589 ab
300 1524 456 1588 exercitiis
480 1523 706 1605 spiritualibus,
730 1524 884 1604 incipiunt
906 1524 996 1602 gravi
1019 1542 1090 1588 oum
1113 1523 1263 1588 scandalo
1286 1533 1399 1605 aperte

239 1612 325 1692 loqui
349 1612 387 1675 de
415 1609 615 1676 confessariis
638 1612 703 1675 suis
731 1616 840 1691 utpote
863 1612 1002 1675 mitiores
1030 1616 1103 1676 sunt
1126 1618 1157 1676 et
1172 1612 1396 1692 poenitentiam

235 1700 361 1764 nonnisi
383 1699 541 1776 leviorem,
575 1698 626 1762 vel
658 1698 779 1762 nullam
807 1698 993 1779 quandoque
1023 1706 1205 1780 proponunt
1234 1699 1395 1782 poeniten-

236 1789 320 1852 tibus
344 1789 422 1864 suia,
448 1793 481 1850 et
504 1787 646 1868 plerique
675 1787 907 1851 absolutionem
930 1786 1198 1851 sacramentalem
1222 1787 1398 1852 concedunt
1423 1848 1424 1851 ,

235 1876 303 1940 sine
326 1875 591 1939 admonitionibus
615 1875 803 1939 necessariis
827 1882 886 1940 eto.
911 1881 970 1940 eto.

341 1963 384 2026 Et
405 1963 487 2026 istae
508 1962 626 2043 pluries
641 1963 790 2026 videntur
812 1961 1014 2043 frequentare
1030 1962 1252 2029 confessiones.
1276 1963 1397 2028 Verun-

235 2057 341 2115 tamen
366 2051 538 2129 persistunt
570 2052 603 2114 in
630 2050 713 2114 mala
741 2069 799 2114 sua
825 2051 950 2114 vivendi
977 2053 1165 2129 ratione3e
1193 2058 1305 2115 contra
1333 2050 1394 2116 ioe-

235 2139 339 2202 minae
361 2139 530 2202 timoratae
553 2141 761 2202 conscientiae
789 2140 916 2219 saepius
940 2141 1045 2203 evenit
1074 2146 1110 2203 ut
1132 2145 1301 2219 postquam
1325 2157 1394 2204 con·

235 2225 339 2291 fessae
365 2227 431 2290 sint
459 2225 544 2307 apud
572 2225 642 2290 illos
669 2226 793 2307 Patres
818 2226 1045 2292 confessionem
1074 2229 1192 2290 iterent
1214 2227 1300 2308 apud
1322 2245 1394 2292 suos

235 2312 444 2380 confessarios
459 2314 646 2393 orationales,
669 2332 841 2395 persuasae
856 2315 939 2395 quod
963 2313 1171 2380 confessarius
1187 2314 1315 2380 Jcsuita
1334 2333 1392 2380 non

122 2411 124 2429 ·
234 2403 316 2466 bene
338 2401 545 2465 intellexisset
567 2409 696 2482 peccata
719 2420 791 2481 sua,
815 2408 848 2466 et
871 2402 940 2466 ideo
963 2422 998 2468 se
1022 2404 1182 2467 abstinent
1206 2421 1225 2466 a
1248 2402 1280 2468 S.
1305 2400 1394 2469 Corn·

234 2490 382 2554 munione
404 2496 574 2569 antequam
598 2497 746 2571 repetant
769 2489 1006 2554 confessionem.

342 2584 371 2643 5.
404 2573 596 2641 Missionaiii
630 2578 682 2641 isti
712 2595 807 2658 saepe
838 2578 1005 2643 nonnullos
1039 2577 1192 2642 inducunt
1214 2579 1393 2660 inexpertos

230 2665 364 2746 juvenes
389 2674 421 2729 ot
441 2664 565 2746 puellas
588 2664 630 2729 ad
652 2666 859 2729 emittendum
888 2670 996 2731 votum
1024 2684 1081 2747 pro
1115 2673 1258 2748 tempore
1293 2667 1396 2732 deter-

234 2754 353 2817 minato
377 2772 415 2816 ex
437 2770 499 2833 quo
522 2752 702 2832 obligentur
732 2753 772 2817 ad
795 2753 1007 2818 obedientiam
1034 2754 1084 2818 his
1107 2754 1317 2819 sollummodo
1338 2773 1395 2837 per

232 2857 312 2920 quos
335 2846 410 2905 vota
440 2838 524 2904 facta
556 2847 643 2919 sunt,
675 2847 709 2905 et
739 2843 786 2905 ita
808 2842 950 2906 totaliter
976 2842 1067 2906 liberi
1095 2841 1236 2907 evadunt
1257 2844 1298 2908 ab
1322 2845 1393 2925 obc-

234 2927 354 2992 dientia
376 2946 505 2992 suorum
526 2927 740 3009 legitimorum
764 2930 973 3011 superiorum.

340 3019 369 3079 6.
403 3016 584 3081 Inconsulto
620 3016 787 3082 Ordinatio
827 3019 879 3081 isti
918 3017 1032 3083 Patres
1072 3018 1228 3098 rccipiunt
1260 3018 1293 3082 in
1328 3018 1392 3083 solo

233 3104 461 3167 maronitarum
485 3105 549 3168 ritu
570 3105 738 3170 nonnullos
754 3106 929 3171 haereticos
945 3123 1113 3171 conversos
1136 3111 1169 3170 et
1190 3114 1299 3171 turcas
1321 3107 1392 3186 bap·

233 3192 347 3255 tizatos
370 3192 439 3255 siue
461 3194 605 3257 examine
634 3211 729 3257 verae
760 3196 951 3271 vocationis3
982 3201 1014 3258 et
1037 3194 1109 3259 ideo
1131 3195 1255 3274 saepius
1281 3194 1392 3259 accidit

233 3279 316 3360 quod
339 3278 393 3343 isti
415 3281 539 3343 nouiter
555 3284 697 3345 conversi
712 3282 866 3347 inducunt
888 3283 920 3345 in
941 3282 1032 3362 plura
1055 3282 1149 3361 mala,
1173 3287 1206 3345 et
1228 3299 1304 3346 recu
1380 3287 1392 3344 t

232 3366 275 3430 ad
299 3365 420 3444 Patres
444 3369 498 3448 qui
521 3370 630 3433 statim
653 3369 724 3434 illos
746 3371 878 3434 mittunt
900 3370 941 3433 ad
963 3369 1126 3443 Parocbos
1147 3371 1324 3435 maronitas
1346 3368 1392 3433 vel

232 3452 276 3518 ad
298 3452 511 3535 Ordinarium,
535 3462 567 3520 et
589 3457 660 3522 illos
682 3458 777 3538 plane
798 3456 1035 3538 derelinquunt,
1059 3465 1092 3522 et
1113 3475 1151 3522 en
1174 3456 1224 3522 his
1245 3456 1393 3522 nonnulla

233 3540 385 3607 scandala
401 3551 582 3623 evenerunt,
605 3546 700 3608 sicuti
714 3547 744 3608 in
761 3545 950 3625 proximiore
971 3553 1115 3626 tempore
1138 3546 1243 3609 evenit
1258 3547 1393 3611 noviter:

337 3629 467 3695 Juvenis
483 3633 611 3712 quidam
625 3631 848 3696 Schismatious
864 3634 1004 3698 Graecus
1018 3633 1241 3713 frequentabat
1256 3633 1391 3714 puellam

233 3719 422 3783 maronitam
445 3721 478 3784 in
500 3721 630 3784 civitate
644 3719 765 3799 Bairut‚
790 3729 823 3784 et
844 3723 932 3785 venit
951 3721 1125 3786 adhaerere
1147 3739 1224 3786 suae
1247 3722 1391 3802 petitioni

233 3814 269 3871 ut
290 3806 378 3872 illam
400 3808 433 3871 in
457 3809 657 3872 matrimonio
680 3808 804 3873 habeat.
849 3810 913 3873 lste
935 3826 970 3873 se
994 3809 1128 3874 contulit
1150 3810 1191 3874 ad
1215 3809 1393 3874 Parachmn.

232 3894 424 3960 Maronitam
447 3896 569 3976 petens
583 3913 618 3959 se
644 3896 725 3962 velle
749 3897 897 3979 conjungi
930 3897 962 3960 in
986 3898 1219 3962 matrimonium
1244 3916 1316 3962 cum
1338 3897 1391 3962 tali

232 3982 357 4063 puella:
389 3990 423 4048 at
452 3982 612 4048 Parochus
636 4002 708 4048 curn
731 3984 820 4048 illum
843 4003 905 4049 non
937 3987 1136 4067 cognovisset
1162 3985 1254 4066 petiit
1276 3987 1319 4051 ab
1341 3983 1394 4050 illo

231 4071 356 4136 litteras
377 4071 578 4136 authenticas
600 4071 691 4136 liberi
724 4074 774 4136 sui
796 4079 901 4137 status
923 4079 956 4136 et
978 4074 1154 4155 religionis3
1187 4090 1251 4155 quo
1274 4072 1390 4150 audita,

231 4160 341 4224 statim
363 4159 417 4223 ille
436 4159 562 4240 juvenis
583 4160 723 4240 perrexit
753 4160 795 4224 ad
816 4160 965 4239 Jesuitas
995 4168 1028 4225 et
1052 4163 1174 4242 accepit
1200 4161 1328 4226 abillis
1350 4161 1392 4224 di·

231 4247 392 4311 missorias
416 4245 630 4327 authenticae,
666 4249 698 4312 in
722 4248 834 4329 quibus
866 4248 1089 4313 declarabatur
1110 4250 1225 4330 ipsum
1245 4249 1392 4330 juvenem

232 4333 389 4400 Graecum
412 4333 652 4400 Schismaticum
668 4352 747 4416 esse,
770 4338 825 4402 sed
846 4341 983 4417 quatuor
1005 4337 1228 4402 abhinc-annis
1247 4336 1395 4420 frequen-
