<?xml version="1.0" encoding="UTF-8"?>
<!DOCTYPE html PUBLIC "-//W3C//DTD XHTML 1.0 Transitional//EN"
    "http://www.w3.org/TR/xhtml1/DTD/xhtml1-transitional.dtd">
<html xmlns="http://www.w3.org/1999/xhtml" xml:lang="en" lang="en">
 <head>
  <title>
</title>
<meta http-equiv="Content-Type" content="text/html;charset=utf-8" />
  <meta name='ocr-system' content='tesseract 3.04.00' />
  <meta name='ocr-capabilities' content='ocr_page ocr_carea ocr_par ocr_line ocrx_word'/>
</head>
<body>
  <div class='ocr_page' id='page_1' title='image "./omniumconciliiv00martgoog_0216.png"; bbox 0 0 2872 4874; ppageno 0'>
   <div class='ocr_carea' id='block_1_1' title="bbox 594 122 836 173">
    <p class='ocr_par' dir='ltr' id='par_1_1' title="bbox 594 122 836 173">
     <span class='ocr_line' id='line_1_1' title="bbox 594 122 836 173; baseline 0 -4"><span class='ocrx_word' id='word_1_1' title='bbox 594 123 635 170; x_wconf 76' lang='lat' dir='ltr'>nl</span> <span class='ocrx_word' id='word_1_2' title='bbox 655 122 836 173; x_wconf 68' lang='lat' dir='ltr'>piscinule.</span> 
     </span>
    </p>
   </div>
   <div class='ocr_carea' id='block_1_2' title="bbox 509 380 925 467">
    <p class='ocr_par' dir='ltr' id='par_1_2' title="bbox 509 380 925 467">
     <span class='ocr_line' id='line_1_2' title="bbox 509 380 925 467; baseline 0.007 -2"><span class='ocrx_word' id='word_1_3' title='bbox 509 382 579 466; x_wconf 78' lang='lat'>15⁸.</span> <span class='ocrx_word' id='word_1_4' title='bbox 620 380 925 467; x_wconf 69' lang='lat' dir='ltr'>cosmarus</span> 
     </span>
    </p>
   </div>
   <div class='ocr_carea' id='block_1_3' title="bbox 84 538 1301 715">
    <p class='ocr_par' dir='ltr' id='par_1_3' title="bbox 84 538 1301 715">
     <span class='ocr_line' id='line_1_3' title="bbox 146 538 1301 609; baseline 0.003 -3"><span class='ocrx_word' id='word_1_5' title='bbox 146 540 196 608; x_wconf 86' lang='lat' dir='ltr'>DE</span> <span class='ocrx_word' id='word_1_6' title='bbox 211 538 540 609; x_wconf 80' lang='lat' dir='ltr'>CONFORMITATE</span> <span class='ocrx_word' id='word_1_7' title='bbox 554 541 610 607; x_wconf 86' lang='lat' dir='ltr'>ET</span> <span class='ocrx_word' id='word_1_8' title='bbox 631 540 818 608; x_wconf 80' lang='lat' dir='ltr'>UNITATE</span> <span class='ocrx_word' id='word_1_9' title='bbox 834 541 879 607; x_wconf 86' lang='lat' dir='ltr'>IN</span> <span class='ocrx_word' id='word_1_10' title='bbox 901 540 1145 608; x_wconf 83' lang='lat' dir='ltr'>RECITANDO</span> <span class='ocrx_word' id='word_1_11' title='bbox 1159 541 1301 609; x_wconf 74' lang='lat' dir='ltr'>Hortis</span> 
     </span>
     <span class='ocr_line' id='line_1_4' title="bbox 84 644 1122 715; baseline 0.002 -3"><span class='ocrx_word' id='word_1_12' title='bbox 84 660 87 667; x_wconf 88' lang='lat'>&#39;</span> <span class='ocrx_word' id='word_1_13' title='bbox 313 644 549 714; x_wconf 70' lang='lat' dir='ltr'>canonicas</span> <span class='ocrx_word' id='word_1_14' title='bbox 571 646 625 714; x_wconf 81' lang='lat' dir='ltr'>AC</span> <span class='ocrx_word' id='word_1_15' title='bbox 648 645 934 714; x_wconf 80' lang='lat' dir='ltr'>CELEBRANDO</span> <span class='ocrx_word' id='word_1_16' title='bbox 956 644 1122 715; x_wconf 82' lang='lat' dir='ltr'>MISSAM.</span> 
     </span>
    </p>
   </div>
   <div class='ocr_carea' id='block_1_4' title="bbox 131 786 1335 4199">
    <p class='ocr_par' dir='ltr' id='par_1_4' title="bbox 133 786 1305 2096">
     <span class='ocr_line' id='line_1_5' title="bbox 242 786 1300 871; baseline 0.003 -20"><span class='ocrx_word' id='word_1_17' title='bbox 242 787 398 854; x_wconf 86' lang='lat' dir='ltr'>identitas</span> <span class='ocrx_word' id='word_1_18' title='bbox 420 805 457 851; x_wconf 90' lang='lat' dir='ltr'>ac</span> <span class='ocrx_word' id='word_1_19' title='bbox 479 789 587 853; x_wconf 88' lang='lat' dir='ltr'>unitas</span> <span class='ocrx_word' id='word_1_20' title='bbox 608 786 773 853; x_wconf 77' lang='lat' dir='ltr'>Ecclesiae</span> <span class='ocrx_word' id='word_1_21' title='bbox 796 805 927 871; x_wconf 90' lang='lat' dir='ltr'>prorsus</span> <span class='ocrx_word' id='word_1_22' title='bbox 946 788 1079 870; x_wconf 81' lang='lat' dir='ltr'>requirit</span> <span class='ocrx_word' id='word_1_23' title='bbox 1100 787 1300 854; x_wconf 77' lang='lat' dir='ltr'>identitatem</span> 
     </span>
     <span class='ocr_line' id='line_1_6' title="bbox 138 872 1295 956; baseline 0.001 -17"><span class='ocrx_word' id='word_1_24' title='bbox 138 892 175 940; x_wconf 88' lang='lat' dir='ltr'>ac</span> <span class='ocrx_word' id='word_1_25' title='bbox 198 875 353 940; x_wconf 86' lang='lat' dir='ltr'>unitatem</span> <span class='ocrx_word' id='word_1_26' title='bbox 376 872 459 955; x_wconf 88' lang='lat' dir='ltr'>fidei,</span> <span class='ocrx_word' id='word_1_27' title='bbox 493 875 617 940; x_wconf 89' lang='lat' dir='ltr'>dicente</span> <span class='ocrx_word' id='word_1_28' title='bbox 640 874 793 956; x_wconf 86' lang='lat' dir='ltr'>Apostolo</span> <span class='ocrx_word' id='word_1_29' title='bbox 828 873 941 955; x_wconf 79' lang='lat' dir='ltr'>,Unus</span> <span class='ocrx_word' id='word_1_30' title='bbox 962 875 1068 955; x_wconf 73' lang='lat' dir='ltr'>Deras,</span> <span class='ocrx_word' id='word_1_31' title='bbox 1097 895 1164 940; x_wconf 78' lang='lat' dir='ltr'>unc</span> <span class='ocrx_word' id='word_1_32' title='bbox 1183 875 1295 956; x_wconf 47' lang='lat' dir='ltr'>fidesJ</span> 
     </span>
     <span class='ocr_line' id='line_1_7' title="bbox 137 959 1299 1046; baseline 0 -19"><span class='ocrx_word' id='word_1_33' title='bbox 137 961 226 1029; x_wconf 87' lang='lat' dir='ltr'>llaec</span> <span class='ocrx_word' id='word_1_34' title='bbox 259 959 334 1028; x_wconf 88' lang='lat' dir='ltr'>fidei</span> <span class='ocrx_word' id='word_1_35' title='bbox 364 972 397 1028; x_wconf 85' lang='lat' dir='ltr'>et</span> <span class='ocrx_word' id='word_1_36' title='bbox 428 962 590 1028; x_wconf 80' lang='lat' dir='ltr'>Ecclesiae</span> <span class='ocrx_word' id='word_1_37' title='bbox 621 964 726 1027; x_wconf 87' lang='lat' dir='ltr'>unitas</span> <span class='ocrx_word' id='word_1_38' title='bbox 761 979 825 1027; x_wconf 90' lang='lat' dir='ltr'>nou</span> <span class='ocrx_word' id='word_1_39' title='bbox 852 960 993 1044; x_wconf 87' lang='lat' dir='ltr'>profecto</span> <span class='ocrx_word' id='word_1_40' title='bbox 1025 982 1083 1046; x_wconf 89' lang='lat' dir='ltr'>per</span> <span class='ocrx_word' id='word_1_41' title='bbox 1112 981 1147 1029; x_wconf 90' lang='lat' dir='ltr'>se</span> <span class='ocrx_word' id='word_1_42' title='bbox 1179 963 1299 1045; x_wconf 80' lang='lat' dir='ltr'>expetit</span> 
     </span>
     <span class='ocr_line' id='line_1_8' title="bbox 135 1049 1299 1121; baseline 0.002 -6"><span class='ocrx_word' id='word_1_43' title='bbox 135 1050 335 1121; x_wconf 78' lang='lat' dir='ltr'>identitatem</span> <span class='ocrx_word' id='word_1_44' title='bbox 359 1069 398 1116; x_wconf 92' lang='lat' dir='ltr'>ac</span> <span class='ocrx_word' id='word_1_45' title='bbox 420 1050 617 1116; x_wconf 82' lang='lat' dir='ltr'>materialem</span> <span class='ocrx_word' id='word_1_46' title='bbox 639 1051 793 1116; x_wconf 88' lang='lat' dir='ltr'>unitatem</span> <span class='ocrx_word' id='word_1_47' title='bbox 817 1051 988 1117; x_wconf 82' lang='lat' dir='ltr'>verborum</span> <span class='ocrx_word' id='word_1_48' title='bbox 1010 1051 1043 1116; x_wconf 92' lang='lat' dir='ltr'>in</span> <span class='ocrx_word' id='word_1_49' title='bbox 1067 1051 1196 1117; x_wconf 89' lang='lat' dir='ltr'>orando.</span> <span class='ocrx_word' id='word_1_50' title='bbox 1235 1049 1299 1117; x_wconf 86' lang='lat' dir='ltr'>Sed</span> 
     </span>
     <span class='ocr_line' id='line_1_9' title="bbox 136 1136 1298 1220; baseline 0.003 -18"><span class='ocrx_word' id='word_1_51' title='bbox 136 1156 230 1220; x_wconf 85' lang='lat' dir='ltr'>quam</span> <span class='ocrx_word' id='word_1_52' title='bbox 261 1155 356 1219; x_wconf 90' lang='lat' dir='ltr'>porro</span> <span class='ocrx_word' id='word_1_53' title='bbox 389 1139 601 1219; x_wconf 82' lang='lat' dir='ltr'>exoptandum</span> <span class='ocrx_word' id='word_1_54' title='bbox 632 1136 727 1219; x_wconf 89' lang='lat' dir='ltr'>ieret,</span> <span class='ocrx_word' id='word_1_55' title='bbox 761 1137 853 1202; x_wconf 83' lang='lat' dir='ltr'>utin</span> <span class='ocrx_word' id='word_1_56' title='bbox 887 1139 1022 1204; x_wconf 90' lang='lat' dir='ltr'>unisona</span> <span class='ocrx_word' id='word_1_57' title='bbox 1053 1157 1130 1205; x_wconf 88' lang='lat' dir='ltr'>voce</span> <span class='ocrx_word' id='word_1_58' title='bbox 1159 1138 1298 1205; x_wconf 88' lang='lat' dir='ltr'>omnium</span> 
     </span>
     <span class='ocr_line' id='line_1_10' title="bbox 135 1224 1299 1308; baseline 0.002 -18"><span class='ocrx_word' id='word_1_59' title='bbox 135 1224 430 1292; x_wconf 81' lang='lat' dir='ltr'>Ecclesiasticorum</span> <span class='ocrx_word' id='word_1_60' title='bbox 445 1243 503 1308; x_wconf 92' lang='lat' dir='ltr'>per</span> <span class='ocrx_word' id='word_1_61' title='bbox 519 1226 637 1304; x_wconf 89' lang='lat' dir='ltr'>orbem,</span> <span class='ocrx_word' id='word_1_62' title='bbox 660 1226 736 1290; x_wconf 91' lang='lat' dir='ltr'>dum</span> <span class='ocrx_word' id='word_1_63' title='bbox 751 1225 868 1307; x_wconf 89' lang='lat' dir='ltr'>septies</span> <span class='ocrx_word' id='word_1_64' title='bbox 891 1227 923 1290; x_wconf 91' lang='lat' dir='ltr'>in</span> <span class='ocrx_word' id='word_1_65' title='bbox 947 1226 1030 1292; x_wconf 91' lang='lat' dir='ltr'>diem</span> <span class='ocrx_word' id='word_1_66' title='bbox 1045 1226 1172 1292; x_wconf 89' lang='lat' dir='ltr'>laudem</span> <span class='ocrx_word' id='word_1_67' title='bbox 1191 1225 1299 1292; x_wconf 90' lang='lat' dir='ltr'>dicunt</span> 
     </span>
     <span class='ocr_line' id='line_1_11' title="bbox 136 1308 1305 1396; baseline 0.001 -18"><span class='ocrx_word' id='word_1_68' title='bbox 136 1314 212 1392; x_wconf 89' lang='lat' dir='ltr'>Deo,</span> <span class='ocrx_word' id='word_1_69' title='bbox 239 1318 446 1378; x_wconf 78' lang='lat' dir='ltr'>essetecum</span> <span class='ocrx_word' id='word_1_70' title='bbox 468 1333 532 1392; x_wconf 89' lang='lat' dir='ltr'>cor,</span> <span class='ocrx_word' id='word_1_71' title='bbox 564 1333 663 1378; x_wconf 77' lang='lat' dir='ltr'>traam</span> <span class='ocrx_word' id='word_1_72' title='bbox 686 1333 728 1392; x_wconf 88' lang='lat' dir='ltr'>os,</span> <span class='ocrx_word' id='word_1_73' title='bbox 757 1334 824 1378; x_wconf 82' lang='lat' dir='ltr'>unc</span> <span class='ocrx_word' id='word_1_74' title='bbox 846 1319 876 1378; x_wconf 83' lang='lat' dir='ltr'>et</span> <span class='ocrx_word' id='word_1_75' title='bbox 898 1314 1007 1379; x_wconf 82' lang='lat' dir='ltr'>eadem</span> <span class='ocrx_word' id='word_1_76' title='bbox 1023 1314 1225 1394; x_wconf 79' lang='lat' dir='ltr'>praedicatio</span> <span class='ocrx_word' id='word_1_77' title='bbox 1249 1308 1305 1396; x_wconf 77' lang='lat' dir='ltr'>(ut&#39;</span> 
     </span>
     <span class='ocr_line' id='line_1_12' title="bbox 134 1399 1298 1484; baseline -0.001 -17"><span class='ocrx_word' id='word_1_78' title='bbox 134 1401 240 1468; x_wconf 84' lang='lat' dir='ltr'>verbis</span> <span class='ocrx_word' id='word_1_79' title='bbox 264 1406 337 1466; x_wconf 90' lang='lat' dir='ltr'>utar</span> <span class='ocrx_word' id='word_1_80' title='bbox 364 1399 395 1466; x_wconf 91' lang='lat' dir='ltr'>S.</span> <span class='ocrx_word' id='word_1_81' title='bbox 419 1401 501 1465; x_wconf 90' lang='lat' dir='ltr'>lrcn.</span> <span class='ocrx_word' id='word_1_82' title='bbox 524 1400 578 1467; x_wconf 91' lang='lat' dir='ltr'>lib.</span> <span class='ocrx_word' id='word_1_83' title='bbox 605 1409 633 1469; x_wconf 90' lang='lat'>1.</span> <span class='ocrx_word' id='word_1_84' title='bbox 663 1419 730 1483; x_wconf 87' lang='lat' dir='ltr'>cap.</span> <span class='ocrx_word' id='word_1_85' title='bbox 757 1401 843 1484; x_wconf 68' lang='lat' dir='ltr'>lbi?</span> <span class='ocrx_word' id='word_1_86' title='bbox 877 1407 910 1466; x_wconf 90' lang='lat' dir='ltr'>et</span> <span class='ocrx_word' id='word_1_87' title='bbox 940 1401 1014 1465; x_wconf 92' lang='lat' dir='ltr'>dum</span> <span class='ocrx_word' id='word_1_88' title='bbox 1046 1419 1108 1466; x_wconf 91' lang='lat' dir='ltr'>una</span> <span class='ocrx_word' id='word_1_89' title='bbox 1139 1409 1189 1467; x_wconf 87' lang='lat' dir='ltr'>est</span> <span class='ocrx_word' id='word_1_90' title='bbox 1217 1399 1298 1466; x_wconf 86' lang='lat' dir='ltr'>fides</span> 
     </span>
     <span class='ocr_line' id='line_1_13' title="bbox 135 1486 1296 1570; baseline -0.001 -15"><span class='ocrx_word' id='word_1_91' title='bbox 135 1489 289 1556; x_wconf 89' lang='lat' dir='ltr'>mentium</span> <span class='ocrx_word' id='word_1_92' title='bbox 314 1494 347 1554; x_wconf 90' lang='lat' dir='ltr'>et</span> <span class='ocrx_word' id='word_1_93' title='bbox 368 1489 470 1570; x_wconf 86' lang='lat' dir='ltr'>pietas</span> <span class='ocrx_word' id='word_1_94' title='bbox 493 1488 667 1568; x_wconf 90' lang='lat' dir='ltr'>actionum,</span> <span class='ocrx_word' id='word_1_95' title='bbox 702 1507 766 1553; x_wconf 89' lang='lat' dir='ltr'>una</span> <span class='ocrx_word' id='word_1_96' title='bbox 788 1490 883 1554; x_wconf 91' lang='lat' dir='ltr'>etiam</span> <span class='ocrx_word' id='word_1_97' title='bbox 911 1486 992 1554; x_wconf 87' lang='lat' dir='ltr'>foret</span> <span class='ocrx_word' id='word_1_98' title='bbox 1014 1486 1203 1569; x_wconf 85' lang='lat' dir='ltr'>supplicatio</span> <span class='ocrx_word' id='word_1_99' title='bbox 1225 1507 1296 1554; x_wconf 83' lang='lat' dir='ltr'>rer·</span> 
     </span>
     <span class='ocr_line' id='line_1_14' title="bbox 134 1574 1299 1659; baseline -0.003 -15"><span class='ocrx_word' id='word_1_100' title='bbox 134 1575 270 1644; x_wconf 78' lang='lat' dir='ltr'>borum?</span> <span class='ocrx_word' id='word_1_101' title='bbox 314 1574 362 1639; x_wconf 82' lang='lat' dir='ltr'>Ex</span> <span class='ocrx_word' id='word_1_102' title='bbox 386 1594 422 1642; x_wconf 91' lang='lat' dir='ltr'>eo</span> <span class='ocrx_word' id='word_1_103' title='bbox 445 1576 554 1658; x_wconf 88' lang='lat' dir='ltr'>procul</span> <span class='ocrx_word' id='word_1_104' title='bbox 577 1576 672 1642; x_wconf 92' lang='lat' dir='ltr'>dubio</span> <span class='ocrx_word' id='word_1_105' title='bbox 695 1576 843 1657; x_wconf 90' lang='lat' dir='ltr'>eveniret,</span> <span class='ocrx_word' id='word_1_106' title='bbox 874 1577 958 1658; x_wconf 90' lang='lat' dir='ltr'>quod</span> <span class='ocrx_word' id='word_1_107' title='bbox 982 1574 1197 1656; x_wconf 86' lang='lat' dir='ltr'>confidentius,</span> <span class='ocrx_word' id='word_1_108' title='bbox 1230 1577 1299 1659; x_wconf 81' lang='lat' dir='ltr'>dig-</span> 
     </span>
     <span class='ocr_line' id='line_1_15' title="bbox 135 1663 1299 1746; baseline -0.001 -16"><span class='ocrx_word' id='word_1_109' title='bbox 135 1665 278 1746; x_wconf 87' lang='lat' dir='ltr'>niusque,</span> <span class='ocrx_word' id='word_1_110' title='bbox 301 1681 349 1742; x_wconf 85' lang='lat' dir='ltr'>oc,</span> <span class='ocrx_word' id='word_1_111' title='bbox 372 1664 486 1743; x_wconf 87' lang='lat' dir='ltr'>dicam,</span> <span class='ocrx_word' id='word_1_112' title='bbox 509 1663 624 1741; x_wconf 89' lang='lat' dir='ltr'>verius,</span> <span class='ocrx_word' id='word_1_113' title='bbox 648 1664 839 1746; x_wconf 89' lang='lat' dir='ltr'>respondere</span> <span class='ocrx_word' id='word_1_114' title='bbox 854 1681 1020 1746; x_wconf 85' lang='lat' dir='ltr'>possemus</span> <span class='ocrx_word' id='word_1_115' title='bbox 1042 1663 1299 1746; x_wconf 85' lang='lat' dir='ltr'>objurgatoribus</span> 
     </span>
     <span class='ocr_line' id='line_1_16' title="bbox 138 1748 1297 1834; baseline -0.002 -16"><span class='ocrx_word' id='word_1_116' title='bbox 138 1750 299 1818; x_wconf 72' lang='lat' dir='ltr'>Ecclesiae</span> <span class='ocrx_word' id='word_1_117' title='bbox 323 1748 507 1817; x_wconf 84' lang='lat' dir='ltr'>Catholicae</span> <span class='ocrx_word' id='word_1_118' title='bbox 541 1748 713 1831; x_wconf 84' lang='lat' dir='ltr'>,Catholici</span> <span class='ocrx_word' id='word_1_119' title='bbox 735 1751 877 1832; x_wconf 83' lang='lat' dir='ltr'>dicimur,</span> <span class='ocrx_word' id='word_1_120' title='bbox 911 1751 986 1834; x_wconf 89' lang='lat' dir='ltr'>quia</span> <span class='ocrx_word' id='word_1_121' title='bbox 1008 1751 1103 1817; x_wconf 90' lang='lat' dir='ltr'>corde</span> <span class='ocrx_word' id='word_1_122' title='bbox 1130 1750 1297 1829; x_wconf 89' lang='lat' dir='ltr'>credimus,</span> 
     </span>
     <span class='ocr_line' id='line_1_17' title="bbox 141 1836 1297 1920; baseline -0.003 -15"><span class='ocrx_word' id='word_1_123' title='bbox 141 1856 186 1907; x_wconf 91' lang='lat' dir='ltr'>ore</span> <span class='ocrx_word' id='word_1_124' title='bbox 212 1836 409 1919; x_wconf 86' lang='lat' dir='ltr'>confitemur,</span> <span class='ocrx_word' id='word_1_125' title='bbox 426 1844 460 1904; x_wconf 91' lang='lat' dir='ltr'>et</span> <span class='ocrx_word' id='word_1_126' title='bbox 483 1839 523 1904; x_wconf 88' lang='lat' dir='ltr'>ad</span> <span class='ocrx_word' id='word_1_127' title='bbox 546 1839 682 1904; x_wconf 87' lang='lat' dir='ltr'>salutem</span> <span class='ocrx_word' id='word_1_128' title='bbox 697 1838 906 1920; x_wconf 89' lang='lat' dir='ltr'>adprecamur</span> <span class='ocrx_word' id='word_1_129' title='bbox 928 1839 1011 1906; x_wconf 58' lang='lat' dir='ltr'>wera</span> <span class='ocrx_word' id='word_1_130' title='bbox 1026 1839 1110 1920; x_wconf 91' lang='lat' dir='ltr'>quod</span> <span class='ocrx_word' id='word_1_131' title='bbox 1132 1839 1297 1903; x_wconf 89' lang='lat' dir='ltr'>universus</span> 
     </span>
     <span class='ocr_line' id='line_1_18' title="bbox 136 1924 1296 2010; baseline 0.001 -19"><span class='ocrx_word' id='word_1_132' title='bbox 136 1927 301 1993; x_wconf 84' lang='lat' dir='ltr'>mundus.“</span> <span class='ocrx_word' id='word_1_133' title='bbox 361 1927 582 1992; x_wconf 87' lang='lat' dir='ltr'>Pervetustum</span> <span class='ocrx_word' id='word_1_134' title='bbox 617 1932 667 1992; x_wconf 88' lang='lat' dir='ltr'>est</span> <span class='ocrx_word' id='word_1_135' title='bbox 701 1926 851 2010; x_wconf 79' lang='lat' dir='ltr'>adagium</span> <span class='ocrx_word' id='word_1_136' title='bbox 886 1928 920 1992; x_wconf 93' lang='lat' dir='ltr'>in</span> <span class='ocrx_word' id='word_1_137' title='bbox 952 1926 1095 1993; x_wconf 90' lang='lat' dir='ltr'>Ecclesia</span> <span class='ocrx_word' id='word_1_138' title='bbox 1132 1924 1296 2004; x_wconf 82' lang='lat' dir='ltr'>,Formam</span> 
     </span>
     <span class='ocr_line' id='line_1_19' title="bbox 133 2014 833 2096; baseline -0.001 -16"><span class='ocrx_word' id='word_1_139' title='bbox 133 2014 287 2096; x_wconf 89' lang='lat' dir='ltr'>precandi</span> <span class='ocrx_word' id='word_1_140' title='bbox 310 2015 478 2096; x_wconf 82' lang='lat' dir='ltr'>designare</span> <span class='ocrx_word' id='word_1_141' title='bbox 499 2014 632 2081; x_wconf 82' lang='lat' dir='ltr'>sormam</span> <span class='ocrx_word' id='word_1_142' title='bbox 655 2015 833 2083; x_wconf 83' lang='lat' dir='ltr'>credendi.“</span> 
     </span>
    </p>

    <p class='ocr_par' dir='ltr' id='par_1_5' title="bbox 133 2099 1297 3062">
     <span class='ocr_line' id='line_1_20' title="bbox 242 2099 1295 2184; baseline -0.002 -18"><span class='ocrx_word' id='word_1_143' title='bbox 242 2101 293 2167; x_wconf 87' lang='lat' dir='ltr'>Ad</span> <span class='ocrx_word' id='word_1_144' title='bbox 316 2120 409 2183; x_wconf 86' lang='lat' dir='ltr'>quem</span> <span class='ocrx_word' id='word_1_145' title='bbox 439 2121 567 2184; x_wconf 90' lang='lat' dir='ltr'>scopum</span> <span class='ocrx_word' id='word_1_146' title='bbox 590 2102 813 2183; x_wconf 91' lang='lat' dir='ltr'>obtinendum,</span> <span class='ocrx_word' id='word_1_147' title='bbox 849 2121 912 2171; x_wconf 92' lang='lat' dir='ltr'>non</span> <span class='ocrx_word' id='word_1_148' title='bbox 941 2101 1054 2167; x_wconf 88' lang='lat' dir='ltr'>melius</span> <span class='ocrx_word' id='word_1_149' title='bbox 1076 2099 1228 2180; x_wconf 78' lang='lat' dir='ltr'>fortasse,</span> <span class='ocrx_word' id='word_1_150' title='bbox 1263 2100 1295 2165; x_wconf 91' lang='lat' dir='ltr'>in</span> 
     </span>
     <span class='ocr_line' id='line_1_21' title="bbox 133 2186 1297 2273; baseline -0.002 -18"><span class='ocrx_word' id='word_1_151' title='bbox 133 2189 197 2255; x_wconf 91' lang='lat' dir='ltr'>mci</span> <span class='ocrx_word' id='word_1_152' title='bbox 220 2189 388 2268; x_wconf 85' lang='lat' dir='ltr'>sententia,</span> <span class='ocrx_word' id='word_1_153' title='bbox 412 2209 576 2256; x_wconf 91' lang='lat' dir='ltr'>occurrere</span> <span class='ocrx_word' id='word_1_154' title='bbox 598 2208 775 2273; x_wconf 90' lang='lat' dir='ltr'>possumus,</span> <span class='ocrx_word' id='word_1_155' title='bbox 802 2209 894 2273; x_wconf 89' lang='lat' dir='ltr'>quarn</span> <span class='ocrx_word' id='word_1_156' title='bbox 919 2188 1169 2256; x_wconf 77' lang='lat' dir='ltr'>conformitatem</span> <span class='ocrx_word' id='word_1_157' title='bbox 1192 2186 1297 2254; x_wconf 78' lang='lat' dir='ltr'>unita·</span> 
     </span>
     <span class='ocr_line' id='line_1_22' title="bbox 133 2274 1295 2358; baseline -0.003 -14"><span class='ocrx_word' id='word_1_158' title='bbox 133 2280 263 2358; x_wconf 84' lang='lat' dir='ltr'>temque</span> <span class='ocrx_word' id='word_1_159' title='bbox 286 2276 428 2343; x_wconf 84' lang='lat' dir='ltr'>stabilire</span> <span class='ocrx_word' id='word_1_160' title='bbox 443 2277 602 2343; x_wconf 87' lang='lat' dir='ltr'>Horarum</span> <span class='ocrx_word' id='word_1_161' title='bbox 625 2279 847 2346; x_wconf 89' lang='lat' dir='ltr'>canonicarum</span> <span class='ocrx_word' id='word_1_162' title='bbox 870 2279 903 2344; x_wconf 91' lang='lat' dir='ltr'>in</span> <span class='ocrx_word' id='word_1_163' title='bbox 922 2277 1084 2344; x_wconf 90' lang='lat' dir='ltr'>recitando</span> <span class='ocrx_word' id='word_1_164' title='bbox 1100 2274 1295 2343; x_wconf 79' lang='lat' dir='ltr'>Breviorium</span> 
     </span>
     <span class='ocr_line' id='line_1_23' title="bbox 134 2364 1296 2447; baseline -0.004 -14"><span class='ocrx_word' id='word_1_165' title='bbox 134 2383 173 2433; x_wconf 84' lang='lat' dir='ltr'>ac</span> <span class='ocrx_word' id='word_1_166' title='bbox 197 2364 388 2431; x_wconf 90' lang='lat' dir='ltr'>celebrando</span> <span class='ocrx_word' id='word_1_167' title='bbox 411 2365 559 2445; x_wconf 88' lang='lat' dir='ltr'>Missam;</span> <span class='ocrx_word' id='word_1_168' title='bbox 591 2365 797 2433; x_wconf 82' lang='lat' dir='ltr'>reformatum</span> <span class='ocrx_word' id='word_1_169' title='bbox 828 2366 1023 2433; x_wconf 81' lang='lat' dir='ltr'>Breviorium</span> <span class='ocrx_word' id='word_1_170' title='bbox 1054 2365 1171 2447; x_wconf 88' lang='lat' dir='ltr'>ipsum,</span> <span class='ocrx_word' id='word_1_171' title='bbox 1201 2367 1296 2445; x_wconf 89' lang='lat' dir='ltr'>prout</span> 
     </span>
     <span class='ocr_line' id='line_1_24' title="bbox 134 2451 1296 2534; baseline -0.003 -15"><span class='ocrx_word' id='word_1_172' title='bbox 134 2452 167 2519; x_wconf 89' lang='lat' dir='ltr'>in</span> <span class='ocrx_word' id='word_1_173' title='bbox 190 2452 274 2518; x_wconf 88' lang='lat' dir='ltr'>votis</span> <span class='ocrx_word' id='word_1_174' title='bbox 296 2458 346 2518; x_wconf 87' lang='lat' dir='ltr'>cst</span> <span class='ocrx_word' id='word_1_175' title='bbox 368 2451 595 2534; x_wconf 85' lang='lat' dir='ltr'>Episcopatus,</span> <span class='ocrx_word' id='word_1_176' title='bbox 627 2473 665 2519; x_wconf 91' lang='lat' dir='ltr'>ac</span> <span class='ocrx_word' id='word_1_177' title='bbox 687 2455 784 2520; x_wconf 89' lang='lat' dir='ltr'>etiam</span> <span class='ocrx_word' id='word_1_178' title='bbox 807 2452 982 2521; x_wconf 85' lang='lat' dir='ltr'>Concilium</span> <span class='ocrx_word' id='word_1_179' title='bbox 1003 2452 1224 2519; x_wconf 85' lang='lat' dir='ltr'>Tridentinum</span> <span class='ocrx_word' id='word_1_180' title='bbox 1246 2468 1296 2517; x_wconf 93' lang='lat' dir='ltr'>or·</span> 
     </span>
     <span class='ocr_line' id='line_1_25' title="bbox 135 2538 1296 2624; baseline 0 -19"><span class='ocrx_word' id='word_1_181' title='bbox 135 2538 311 2620; x_wconf 66' lang='lat' dir='ltr'>mnarum,</span> <span class='ocrx_word' id='word_1_182' title='bbox 334 2557 510 2621; x_wconf 89' lang='lat' dir='ltr'>proponere</span> <span class='ocrx_word' id='word_1_183' title='bbox 532 2540 610 2606; x_wconf 90' lang='lat' dir='ltr'>illud</span> <span class='ocrx_word' id='word_1_184' title='bbox 633 2540 765 2608; x_wconf 86' lang='lat' dir='ltr'>Clericis</span> <span class='ocrx_word' id='word_1_185' title='bbox 787 2541 940 2618; x_wconf 92' lang='lat' dir='ltr'>omnibus,</span> <span class='ocrx_word' id='word_1_186' title='bbox 964 2542 1191 2624; x_wconf 89' lang='lat' dir='ltr'>cujuscumque</span> <span class='ocrx_word' id='word_1_187' title='bbox 1204 2538 1296 2619; x_wconf 85' lang='lat' dir='ltr'>ritus,</span> 
     </span>
     <span class='ocr_line' id='line_1_26' title="bbox 134 2625 1296 2711; baseline -0.001 -18"><span class='ocrx_word' id='word_1_188' title='bbox 134 2627 359 2711; x_wconf 86' lang='lat' dir='ltr'>cujuscumque</span> <span class='ocrx_word' id='word_1_189' title='bbox 382 2625 594 2708; x_wconf 71' lang='lat' dir='ltr'>professionis</span> <span class='ocrx_word' id='word_1_190' title='bbox 622 2630 717 2694; x_wconf 90' lang='lat' dir='ltr'>etiam</span> <span class='ocrx_word' id='word_1_191' title='bbox 738 2626 961 2710; x_wconf 76' lang='lat' dir='ltr'>RegularibuS,</span> <span class='ocrx_word' id='word_1_192' title='bbox 992 2628 1032 2693; x_wconf 90' lang='lat' dir='ltr'>de</span> <span class='ocrx_word' id='word_1_193' title='bbox 1054 2632 1224 2711; x_wconf 88' lang='lat' dir='ltr'>praecepto</span> <span class='ocrx_word' id='word_1_194' title='bbox 1246 2644 1296 2692; x_wconf 89' lang='lat' dir='ltr'>re·</span> 
     </span>
     <span class='ocr_line' id='line_1_27' title="bbox 134 2712 1297 2798; baseline -0.002 -18"><span class='ocrx_word' id='word_1_195' title='bbox 134 2715 308 2782; x_wconf 89' lang='lat' dir='ltr'>citandum.</span> <span class='ocrx_word' id='word_1_196' title='bbox 360 2712 427 2780; x_wconf 88' lang='lat' dir='ltr'>Oh!</span> <span class='ocrx_word' id='word_1_197' title='bbox 462 2732 557 2796; x_wconf 90' lang='lat' dir='ltr'>quam</span> <span class='ocrx_word' id='word_1_198' title='bbox 579 2715 696 2781; x_wconf 90' lang='lat' dir='ltr'>bonum</span> <span class='ocrx_word' id='word_1_199' title='bbox 728 2721 761 2780; x_wconf 90' lang='lat' dir='ltr'>et</span> <span class='ocrx_word' id='word_1_200' title='bbox 783 2733 879 2796; x_wconf 89' lang='lat' dir='ltr'>quarn</span> <span class='ocrx_word' id='word_1_201' title='bbox 898 2716 1075 2798; x_wconf 89' lang='lat' dir='ltr'>jucundum</span> <span class='ocrx_word' id='word_1_202' title='bbox 1097 2716 1131 2781; x_wconf 92' lang='lat' dir='ltr'>in</span> <span class='ocrx_word' id='word_1_203' title='bbox 1153 2713 1297 2781; x_wconf 87' lang='lat' dir='ltr'>Ecclesia</span> 
     </span>
     <span class='ocr_line' id='line_1_28' title="bbox 134 2800 1295 2884; baseline -0.002 -16"><span class='ocrx_word' id='word_1_204' title='bbox 134 2800 307 2882; x_wconf 86' lang='lat' dir='ltr'>Gathohca,</span> <span class='ocrx_word' id='word_1_205' title='bbox 335 2803 368 2867; x_wconf 94' lang='lat' dir='ltr'>in</span> <span class='ocrx_word' id='word_1_206' title='bbox 392 2820 446 2867; x_wconf 90' lang='lat' dir='ltr'>ore</span> <span class='ocrx_word' id='word_1_207' title='bbox 469 2803 607 2868; x_wconf 89' lang='lat' dir='ltr'>omnium</span> <span class='ocrx_word' id='word_1_208' title='bbox 630 2802 939 2882; x_wconf 88' lang='lat' dir='ltr'>Ecclesiasticorum,</span> <span class='ocrx_word' id='word_1_209' title='bbox 969 2803 1080 2869; x_wconf 86' lang='lat' dir='ltr'>eadem</span> <span class='ocrx_word' id='word_1_210' title='bbox 1102 2805 1201 2870; x_wconf 86' lang='lat' dir='ltr'>verba</span> <span class='ocrx_word' id='word_1_211' title='bbox 1224 2819 1295 2884; x_wconf 89' lang='lat' dir='ltr'>pre·</span> 
     </span>
     <span class='ocr_line' id='line_1_29' title="bbox 134 2888 1297 2973; baseline -0.002 -16"><span class='ocrx_word' id='word_1_212' title='bbox 134 2890 305 2971; x_wconf 87' lang='lat' dir='ltr'>cationum,</span> <span class='ocrx_word' id='word_1_213' title='bbox 333 2888 462 2955; x_wconf 90' lang='lat' dir='ltr'>eosdem</span> <span class='ocrx_word' id='word_1_214' title='bbox 484 2889 625 2973; x_wconf 85' lang='lat' dir='ltr'>hymnos,</span> <span class='ocrx_word' id='word_1_215' title='bbox 656 2890 827 2972; x_wconf 87' lang='lat' dir='ltr'>eademque</span> <span class='ocrx_word' id='word_1_216' title='bbox 850 2890 990 2969; x_wconf 89' lang='lat' dir='ltr'>cantica,</span> <span class='ocrx_word' id='word_1_217' title='bbox 1022 2890 1155 2958; x_wconf 91' lang='lat' dir='ltr'>diversis</span> <span class='ocrx_word' id='word_1_218' title='bbox 1176 2888 1297 2973; x_wconf 87' lang='lat' dir='ltr'>linguis</span> 
     </span>
     <span class='ocr_line' id='line_1_30' title="bbox 133 2978 1293 3062; baseline 0.002 -19"><span class='ocrx_word' id='word_1_219' title='bbox 133 2995 293 3062; x_wconf 84' lang='lat' dir='ltr'>expressa,</span> <span class='ocrx_word' id='word_1_220' title='bbox 317 2978 483 3043; x_wconf 90' lang='lat' dir='ltr'>resonare!</span> <span class='ocrx_word' id='word_1_221' title='bbox 1289 3039 1293 3045; x_wconf 90' lang='lat'><em>.</em></span> 
     </span>
    </p>

    <p class='ocr_par' dir='ltr' id='par_1_6' title="bbox 131 3064 1335 3745">
     <span class='ocr_line' id='line_1_31' title="bbox 241 3064 1294 3145; baseline -0.001 -15"><span class='ocrx_word' id='word_1_222' title='bbox 241 3064 326 3143; x_wconf 83' lang='lat' dir='ltr'>Quid</span> <span class='ocrx_word' id='word_1_223' title='bbox 348 3083 366 3130; x_wconf 91' lang='lat' dir='ltr'>e</span> <span class='ocrx_word' id='word_1_224' title='bbox 389 3071 501 3131; x_wconf 89' lang='lat' dir='ltr'>contra</span> <span class='ocrx_word' id='word_1_225' title='bbox 529 3065 656 3130; x_wconf 83' lang='lat' dir='ltr'>evenire</span> <span class='ocrx_word' id='word_1_226' title='bbox 681 3065 849 3132; x_wconf 80' lang='lat' dir='ltr'>videmus?</span> <span class='ocrx_word' id='word_1_227' title='bbox 897 3064 983 3143; x_wconf 91' lang='lat' dir='ltr'>Quot</span> <span class='ocrx_word' id='word_1_228' title='bbox 1011 3071 1085 3130; x_wconf 91' lang='lat' dir='ltr'>sunt</span> <span class='ocrx_word' id='word_1_229' title='bbox 1112 3066 1294 3145; x_wconf 86' lang='lat' dir='ltr'>Dioeoeses,</span> 
     </span>
     <span class='ocr_line' id='line_1_32' title="bbox 133 3152 1294 3237; baseline 0.001 -20"><span class='ocrx_word' id='word_1_230' title='bbox 133 3152 222 3217; x_wconf 90' lang='lat' dir='ltr'>etin</span> <span class='ocrx_word' id='word_1_231' title='bbox 254 3152 331 3235; x_wconf 91' lang='lat' dir='ltr'>ipsis</span> <span class='ocrx_word' id='word_1_232' title='bbox 354 3152 559 3218; x_wconf 91' lang='lat' dir='ltr'>Dioeoesibus</span> <span class='ocrx_word' id='word_1_233' title='bbox 587 3159 665 3234; x_wconf 87' lang='lat' dir='ltr'>quot</span> <span class='ocrx_word' id='word_1_234' title='bbox 692 3152 923 3220; x_wconf 89' lang='lat' dir='ltr'>sunt·0rdines</span> <span class='ocrx_word' id='word_1_235' title='bbox 952 3152 1147 3237; x_wconf 85' lang='lat' dir='ltr'>regularium</span> <span class='ocrx_word' id='word_1_236' title='bbox 1169 3152 1294 3232; x_wconf 74' lang='lat' dir='ltr'>uveni,</span> 
     </span>
     <span class='ocr_line' id='line_1_33' title="bbox 131 3238 1295 3313; baseline 0 -9"><span class='ocrx_word' id='word_1_237' title='bbox 131 3246 184 3313; x_wconf 91' lang='lat' dir='ltr'>tot</span> <span class='ocrx_word' id='word_1_238' title='bbox 206 3247 281 3304; x_wconf 86' lang='lat' dir='ltr'>sunt</span> <span class='ocrx_word' id='word_1_239' title='bbox 303 3241 476 3305; x_wconf 85' lang='lat' dir='ltr'>varietates</span> <span class='ocrx_word' id='word_1_240' title='bbox 498 3246 567 3305; x_wconf 90' lang='lat' dir='ltr'>tum</span> <span class='ocrx_word' id='word_1_241' title='bbox 595 3241 629 3304; x_wconf 93' lang='lat' dir='ltr'>in</span> <span class='ocrx_word' id='word_1_242' title='bbox 651 3241 812 3308; x_wconf 64' lang='lat' dir='ltr'>redundo</span> <span class='ocrx_word' id='word_1_243' title='bbox 835 3246 902 3307; x_wconf 90' lang='lat' dir='ltr'>tum</span> <span class='ocrx_word' id='word_1_244' title='bbox 924 3240 958 3306; x_wconf 88' lang='lat' dir='ltr'>in</span> <span class='ocrx_word' id='word_1_245' title='bbox 980 3239 1177 3306; x_wconf 87' lang='lat' dir='ltr'>celebrando.</span> <span class='ocrx_word' id='word_1_246' title='bbox 1221 3238 1295 3304; x_wconf 91' lang='lat' dir='ltr'>Duo</span> 
     </span>
     <span class='ocr_line' id='line_1_34' title="bbox 133 3326 1335 3410; baseline -0.001 -18"><span class='ocrx_word' id='word_1_247' title='bbox 133 3328 185 3392; x_wconf 87' lang='lat' dir='ltr'>vel</span> <span class='ocrx_word' id='word_1_248' title='bbox 208 3327 316 3410; x_wconf 91' lang='lat' dir='ltr'>plures</span> <span class='ocrx_word' id='word_1_249' title='bbox 346 3327 547 3393; x_wconf 88' lang='lat' dir='ltr'>inveniantur</span> <span class='ocrx_word' id='word_1_250' title='bbox 576 3326 692 3395; x_wconf 84' lang='lat' dir='ltr'>Clerici</span> <span class='ocrx_word' id='word_1_251' title='bbox 721 3334 810 3395; x_wconf 82' lang='lat' dir='ltr'>extra</span> <span class='ocrx_word' id='word_1_252' title='bbox 832 3347 921 3394; x_wconf 92' lang='lat' dir='ltr'>suam</span> <span class='ocrx_word' id='word_1_253' title='bbox 949 3328 1140 3406; x_wconf 89' lang='lat' dir='ltr'>Dioeoesim,</span> <span class='ocrx_word' id='word_1_254' title='bbox 1171 3328 1226 3408; x_wconf 92' lang='lat' dir='ltr'>qui</span> <span class='ocrx_word' id='word_1_255' title='bbox 1247 3344 1295 3391; x_wconf 91' lang='lat' dir='ltr'>re-</span> <span class='ocrx_word' id='word_1_256' title='bbox 1329 3354 1335 3363; x_wconf 60' lang='lat'><strong><em>¹</em></strong></span> 
     </span>
     <span class='ocr_line' id='line_1_35' title="bbox 133 3413 1295 3499; baseline -0.001 -18"><span class='ocrx_word' id='word_1_257' title='bbox 133 3414 235 3481; x_wconf 89' lang='lat' dir='ltr'>citare</span> <span class='ocrx_word' id='word_1_258' title='bbox 257 3416 397 3480; x_wconf 88' lang='lat' dir='ltr'>habeant</span> <span class='ocrx_word' id='word_1_259' title='bbox 425 3433 463 3480; x_wconf 87' lang='lat' dir='ltr'>ac</span> <span class='ocrx_word' id='word_1_260' title='bbox 484 3414 658 3499; x_wconf 86' lang='lat' dir='ltr'>celebrare,</span> <span class='ocrx_word' id='word_1_261' title='bbox 692 3435 756 3482; x_wconf 93' lang='lat' dir='ltr'>non</span> <span class='ocrx_word' id='word_1_262' title='bbox 778 3421 911 3498; x_wconf 90' lang='lat' dir='ltr'>possunt</span> <span class='ocrx_word' id='word_1_263' title='bbox 936 3416 1071 3483; x_wconf 88' lang='lat' dir='ltr'>recitare</span> <span class='ocrx_word' id='word_1_264' title='bbox 1100 3413 1194 3481; x_wconf 90' lang='lat' dir='ltr'>simul</span> <span class='ocrx_word' id='word_1_265' title='bbox 1218 3413 1295 3497; x_wconf 89' lang='lat' dir='ltr'>quia</span> 
     </span>
     <span class='ocr_line' id='line_1_36' title="bbox 134 3500 1294 3586; baseline 0 -17"><span class='ocrx_word' id='word_1_266' title='bbox 134 3502 295 3569; x_wconf 81' lang='lat' dir='ltr'>diversum</span> <span class='ocrx_word' id='word_1_267' title='bbox 317 3521 374 3584; x_wconf 92' lang='lat' dir='ltr'>pro</span> <span class='ocrx_word' id='word_1_268' title='bbox 397 3500 479 3568; x_wconf 85' lang='lat' dir='ltr'>festo</span> <span class='ocrx_word' id='word_1_269' title='bbox 501 3503 622 3570; x_wconf 92' lang='lat' dir='ltr'>habent</span> <span class='ocrx_word' id='word_1_270' title='bbox 644 3504 804 3585; x_wconf 85' lang='lat' dir='ltr'>Sanctum,</span> <span class='ocrx_word' id='word_1_271' title='bbox 827 3522 891 3569; x_wconf 90' lang='lat' dir='ltr'>non</span> <span class='ocrx_word' id='word_1_272' title='bbox 912 3511 1046 3586; x_wconf 89' lang='lat' dir='ltr'>possunt</span> <span class='ocrx_word' id='word_1_273' title='bbox 1068 3502 1179 3569; x_wconf 91' lang='lat' dir='ltr'>iisdem</span> <span class='ocrx_word' id='word_1_274' title='bbox 1201 3519 1294 3583; x_wconf 86' lang='lat' dir='ltr'>pere·</span> 
     </span>
     <span class='ocr_line' id='line_1_37' title="bbox 132 3589 1294 3674; baseline -0.001 -19"><span class='ocrx_word' id='word_1_275' title='bbox 132 3591 251 3656; x_wconf 88' lang='lat' dir='ltr'>mentis</span> <span class='ocrx_word' id='word_1_276' title='bbox 281 3590 421 3673; x_wconf 81' lang='lat' dir='ltr'>ejusdem</span> <span class='ocrx_word' id='word_1_277' title='bbox 449 3589 562 3656; x_wconf 89' lang='lat' dir='ltr'>coloris</span> <span class='ocrx_word' id='word_1_278' title='bbox 593 3590 768 3671; x_wconf 89' lang='lat' dir='ltr'>celebrare,</span> <span class='ocrx_word' id='word_1_279' title='bbox 800 3609 976 3674; x_wconf 90' lang='lat' dir='ltr'>quaecum</span> <span class='ocrx_word' id='word_1_280' title='bbox 1006 3590 1107 3659; x_wconf 87' lang='lat' dir='ltr'>officio</span> <span class='ocrx_word' id='word_1_281' title='bbox 1135 3607 1198 3656; x_wconf 92' lang='lat' dir='ltr'>non</span> <span class='ocrx_word' id='word_1_282' title='bbox 1221 3607 1294 3656; x_wconf 90' lang='lat' dir='ltr'>con·</span> 
     </span>
     <span class='ocr_line' id='line_1_38' title="bbox 134 3677 633 3745; baseline 0.004 -2"><span class='ocrx_word' id='word_1_283' title='bbox 134 3677 278 3744; x_wconf 89' lang='lat' dir='ltr'>cordant.</span> <span class='ocrx_word' id='word_1_284' title='bbox 324 3678 368 3743; x_wconf 88' lang='lat' dir='ltr'>Et</span> <span class='ocrx_word' id='word_1_285' title='bbox 389 3678 462 3743; x_wconf 91' lang='lat' dir='ltr'>inde</span> <span class='ocrx_word' id='word_1_286' title='bbox 485 3678 633 3745; x_wconf 88' lang='lat' dir='ltr'>confusio.</span> 
     </span>
    </p>

    <p class='ocr_par' dir='ltr' id='par_1_7' title="bbox 132 3764 1295 4199">
     <span class='ocr_line' id='line_1_39' title="bbox 241 3764 1294 3848; baseline 0 -19"><span class='ocrx_word' id='word_1_287' title='bbox 241 3764 440 3847; x_wconf 85' lang='lat' dir='ltr'>Quapropter</span> <span class='ocrx_word' id='word_1_288' title='bbox 455 3784 673 3848; x_wconf 89' lang='lat' dir='ltr'>proponerem,</span> <span class='ocrx_word' id='word_1_289' title='bbox 689 3765 722 3831; x_wconf 95' lang='lat' dir='ltr'>in</span> <span class='ocrx_word' id='word_1_290' title='bbox 737 3766 885 3833; x_wconf 86' lang='lat' dir='ltr'>universa</span> <span class='ocrx_word' id='word_1_291' title='bbox 895 3765 1040 3834; x_wconf 84' lang='lat' dir='ltr'>Ecclesia</span> <span class='ocrx_word' id='word_1_292' title='bbox 1055 3765 1168 3831; x_wconf 87' lang='lat' dir='ltr'>saltem</span> <span class='ocrx_word' id='word_1_293' title='bbox 1179 3764 1294 3830; x_wconf 87' lang='lat' dir='ltr'>Latina</span> 
     </span>
     <span class='ocr_line' id='line_1_40' title="bbox 134 3851 1295 3935; baseline -0.001 -18"><span class='ocrx_word' id='word_1_294' title='bbox 134 3871 234 3918; x_wconf 91' lang='lat' dir='ltr'>unum</span> <span class='ocrx_word' id='word_1_295' title='bbox 256 3852 403 3934; x_wconf 88' lang='lat' dir='ltr'>idemque</span> <span class='ocrx_word' id='word_1_296' title='bbox 425 3851 561 3919; x_wconf 87' lang='lat' dir='ltr'>officium</span> <span class='ocrx_word' id='word_1_297' title='bbox 584 3854 727 3919; x_wconf 89' lang='lat' dir='ltr'>omnibus</span> <span class='ocrx_word' id='word_1_298' title='bbox 750 3851 891 3935; x_wconf 72' lang='lat' dir='ltr'>clericis,</span> <span class='ocrx_word' id='word_1_299' title='bbox 918 3872 980 3920; x_wconf 93' lang='lat' dir='ltr'>non</span> <span class='ocrx_word' id='word_1_300' title='bbox 1004 3852 1138 3920; x_wconf 85' lang='lat' dir='ltr'>exclusis</span> <span class='ocrx_word' id='word_1_301' title='bbox 1159 3851 1295 3934; x_wconf 84' lang='lat' dir='ltr'>Regula-</span> 
     </span>
     <span class='ocr_line' id='line_1_41' title="bbox 133 3938 1294 4023; baseline -0.003 -18"><span class='ocrx_word' id='word_1_302' title='bbox 133 3940 235 4017; x_wconf 86' lang='lat' dir='ltr'>ribus,</span> <span class='ocrx_word' id='word_1_303' title='bbox 266 3941 299 4005; x_wconf 91' lang='lat' dir='ltr'>in</span> <span class='ocrx_word' id='word_1_304' title='bbox 321 3938 483 4007; x_wconf 86' lang='lat' dir='ltr'>Breviario</span> <span class='ocrx_word' id='word_1_305' title='bbox 514 3941 688 4023; x_wconf 83' lang='lat' dir='ltr'>designari,</span> <span class='ocrx_word' id='word_1_306' title='bbox 724 3941 819 4007; x_wconf 92' lang='lat' dir='ltr'>etde</span> <span class='ocrx_word' id='word_1_307' title='bbox 850 3960 886 4007; x_wconf 93' lang='lat' dir='ltr'>eo</span> <span class='ocrx_word' id='word_1_308' title='bbox 909 3942 1011 4007; x_wconf 84' lang='lat' dir='ltr'>teneri</span> <span class='ocrx_word' id='word_1_309' title='bbox 1041 3957 1294 4020; x_wconf 82' lang='lat' dir='ltr'>unumquemque</span> 
     </span>
     <span class='ocr_line' id='line_1_42' title="bbox 133 4026 1295 4111; baseline -0.003 -19"><span class='ocrx_word' id='word_1_310' title='bbox 133 4028 271 4094; x_wconf 83' lang='lat' dir='ltr'>recitare</span> <span class='ocrx_word' id='word_1_311' title='bbox 292 4026 397 4093; x_wconf 89' lang='lat' dir='ltr'>Horas</span> <span class='ocrx_word' id='word_1_312' title='bbox 413 4028 586 4111; x_wconf 84' lang='lat' dir='ltr'>canonicas,</span> <span class='ocrx_word' id='word_1_313' title='bbox 611 4028 833 4110; x_wconf 84' lang='lat' dir='ltr'>celebrereque</span> <span class='ocrx_word' id='word_1_314' title='bbox 848 4028 989 4109; x_wconf 87' lang='lat' dir='ltr'>Missam,</span> <span class='ocrx_word' id='word_1_315' title='bbox 1012 4026 1295 4094; x_wconf 86' lang='lat' dir='ltr'>nonobstantibus</span> 
     </span>
     <span class='ocr_line' id='line_1_43' title="bbox 132 4113 1295 4199; baseline -0.003 -19"><span class='ocrx_word' id='word_1_316' title='bbox 132 4114 309 4199; x_wconf 84' lang='lat' dir='ltr'>privilegiis</span> <span class='ocrx_word' id='word_1_317' title='bbox 331 4133 412 4197; x_wconf 90' lang='lat' dir='ltr'>quae</span> <span class='ocrx_word' id='word_1_318' title='bbox 433 4123 630 4181; x_wconf 89' lang='lat' dir='ltr'>revocantur.</span> <span class='ocrx_word' id='word_1_319' title='bbox 665 4115 776 4194; x_wconf 82' lang='lat' dir='ltr'>Quoad</span> <span class='ocrx_word' id='word_1_320' title='bbox 791 4114 925 4182; x_wconf 84' lang='lat' dir='ltr'>Sanctus</span> <span class='ocrx_word' id='word_1_321' title='bbox 939 4135 1015 4182; x_wconf 86' lang='lat' dir='ltr'>vero</span> <span class='ocrx_word' id='word_1_322' title='bbox 1037 4115 1183 4197; x_wconf 89' lang='lat' dir='ltr'>proprios</span> <span class='ocrx_word' id='word_1_323' title='bbox 1201 4113 1295 4180; x_wconf 90' lang='lat' dir='ltr'>Dioe-</span> 
     </span>
    </p>
   </div>
   <div class='ocr_carea' id='block_1_5' title="bbox 0 0 1440 4874">
    <p class='ocr_par' dir='ltr' id='par_1_8' title="bbox 0 0 1440 4874">
     <span class='ocr_line' id='line_1_44' title="bbox 0 0 1440 4874; baseline 0 1"><span class='ocrx_word' id='word_1_324' title='bbox 0 0 1440 4874; x_wconf 95' lang='lat' dir='ltr'> </span> 
     </span>
    </p>
   </div>
  </div>
 </body>
</html>
