2872 4874
227 298 265 358 18
606 309 799 381 oousrrrurro
823 312 997 362 oocuurrcr

223 452 409 528 stituuntur,
442 450 505 514 vim
528 468 567 515 ac
588 449 730 515 valorem
761 468 824 523 non
847 452 977 532 habere,
1001 454 1063 518 nisi
1085 457 1257 537 potestatis
1281 474 1392 523 saecu-

221 540 298 604 laris
320 537 438 620 placito
462 536 697 604 confirmentur.
1128 589 1131 593 ,

330 625 375 690 Et
409 626 559 707 qnoniam
593 625 699 690 divino
730 625 907 706 Apostolici
938 628 1094 708 primatus
1125 631 1198 711 jure
1228 631 1392 698 Romanus

221 712 367 780 Pontifex
388 715 558 778 universae
580 712 747 778 Ecclesiae
769 720 908 796 praeest,
939 716 1087 781 docemus
1111 719 1207 782 etiam
1230 726 1263 785 et
1287 720 1393 786 decla-

220 820 337 882 ramus,
362 821 434 866 eum
457 818 527 866 esse
548 800 684 881 judicem
708 819 891 882 supremum
912 801 1063 883 fidehum,
1080 808 1103 883 1)
1136 807 1223 871 etin
1246 808 1392 873 omnihus

221 890 326 956 causis
358 890 399 954 ad
422 907 555 954 examen
584 889 833 955 ecclesiasticum
863 893 1081 973 spectantibus
1109 893 1151 956 ad
1174 895 1273 974 ipsius
1296 913 1391 976 posse

217 979 369 1060 judicium
397 979 533 1057 recurri3
552 977 578 1059 2)
615 976 706 1042 Sedis
736 996 812 1044 uero
834 979 1048 1061 Apostolicae,
1081 979 1169 1063 cujus
1197 984 1392 1048 auctoritate

220 1067 322 1150 major
349 1083 415 1131 uon
445 1071 505 1144 est,
538 1064 692 1145 judicium
715 1084 734 1129 a
765 1067 889 1131 nemine
917 1065 986 1132 fore
1008 1070 1254 1150 retractandum,
1289 1089 1391 1151 neque

220 1155 369 1235 cuiquam
394 1153 433 1219 de
456 1155 524 1236 ejus
547 1152 644 1219 licere
663 1152 808 1233 judicare
833 1153 959 1233 judicio.
969 1157 997 1234 ³)
1054 1154 1161 1232 Quare
1184 1176 1204 1220 a
1226 1164 1314 1223 recto
1337 1178 1391 1224 re·

220 1242 326 1307 ritatis
354 1242 484 1306 tramite
507 1241 667 1320 aberrant,
703 1243 757 1323 qui
779 1239 949 1322 affirmant,
987 1243 1084 1308 licere
1106 1245 1148 1308 ab
1178 1243 1304 1325 judiciis
1328 1246 1391 1312 Ro·

219 1347 385 1395 manorum
407 1327 595 1409 Pontificum
626 1329 667 1393 ad
701 1331 937 1395 oecumenicum
961 1329 1137 1396 Concilium
1171 1338 1324 1414 tauquam
1349 1334 1391 1398 ad

220 1419 444 1483 auctoritatem
466 1417 610 1483 Romano
633 1415 786 1482 Pontifice
808 1418 1003 1499 superiorem
1027 1419 1199 1500 appellare.

324 1505 359 1570 Si
381 1506 452 1586 quis
474 1506 582 1586 itaque
604 1504 726 1585 dixerit,
760 1507 936 1570 Romanum
959 1505 1144 1571 Pontificem
1172 1507 1291 1573 habere
1315 1515 1386 1573 tan·

219 1593 387 1658 tummodo
403 1592 541 1658 officium
555 1594 760 1674 inspectionis
775 1592 826 1656 vel
840 1593 1033 1673 directionis
1057 1613 1121 1660 uon
1137 1600 1244 1660 autem
1260 1596 1388 1677 plenam

220 1684 253 1745 et
275 1698 454 1762 supremam
476 1686 671 1762 potestatem
689 1680 919 1764 jurisdictionis
942 1682 975 1745 iu
998 1682 1180 1749 universam
1203 1684 1387 1765 Ecclesiam,

219 1787 283 1834 non
305 1769 409 1835 solum
430 1770 464 1833 in
479 1769 585 1848 rebus,
610 1787 692 1850 quae
715 1769 756 1833 ad
778 1766 874 1832 fidem
889 1773 921 1833 et
943 1787 1056 1849 mores,
1082 1771 1139 1835 sed
1163 1772 1260 1835 etiam
1282 1772 1315 1835 iu
1338 1773 1388 1849 iis,

220 1875 303 1936 quae
336 1858 378 1923 ad
401 1857 598 1939 disciplinam
630 1861 663 1922 et
690 1858 834 1938 regimen
862 1856 1026 1922 Ecclesiae
1058 1875 1117 1938 per
1146 1863 1249 1923 totum
1280 1860 1388 1925 orbem

221 1941 355 2010 diffusae
370 1947 544 2027 pertinent;
570 1948 626 2008 aut
649 1963 721 2009 eum
736 1945 855 2010 habere
878 1949 1004 2010 tantum
1020 1946 1161 2026 potiores
1181 1953 1302 2027 partes,
1326 1965 1387 2011 non

220 2051 295 2098 rero
320 2038 421 2098 totam
443 2031 673 2115 plenitudinem
695 2032 789 2112 hujus
813 2051 979 2113 supremae
1001 2034 1188 2116 potestatis3
1222 2040 1279 2098 aut
1308 2035 1385 2098 hauc

221 2119 290 2199 eJ'us
321 2126 514 2202 potestatem
543 2139 607 2185 non
631 2137 700 2184 esse
732 2121 926 2185 ordinariam
957 2126 990 2186 et
1017 2122 1232 2187 immediatam
1261 2123 1328 2186 sire
1355 2122 1387 2186 in

220 2225 330 2273 omues
353 2228 391 2274 ac
413 2209 556 2290 singulas
580 2207 731 2273 ecclesias
755 2209 821 2273 sire
844 2209 877 2272 in
900 2227 1009 2274 omnes
1032 2215 1066 2274 et
1081 2209 1222 2290 singulos
1245 2217 1390 2290 pastores

219 2302 254 2361 et
275 2295 401 2376 fideles,
427 2295 599 2360 anathema
622 2296 674 2359 sit.

699 2501 836 2568 CAPUT
859 2504 911 2567 lV.

385 2643 437 2710 De
459 2643 601 2709 Romani
623 2643 793 2724 Pondere
815 2643 994 2725 Infollc'bc'la'
1016 2643 1221 2726 Mupc'stero'o.

325 2802 398 2884 Ipso
423 2807 530 2884 auteur¹
552 2801 736 2882 Apostolico
760 2802 909 2884 primatu,
943 2819 1036 2882 quem
1058 2801 1220 2866 Romanus
1244 2800 1390 2867 Pontifex

219 2897 372 2972 tanquam
403 2889 491 2954 Petri
506 2889 672 2973 principis
704 2891 928 2971 Apostolorum
954 2907 1117 2955 successor
1144 2891 1177 2953 iu
1207 2890 1389 2953 universam

220 2978 399 3044 Ecclesiam
433 2977 565 3058 obtinet,
606 2995 788 3058 supremam
826 2996 951 3059 quoque
985 2979 1160 3060 magisterii
1195 2983 1390 3058 potestatem

219 3064 450 3147 comprehendi,
474 3065 553 3130 haec
576 3065 694 3130 Sancta
718 3065 816 3131 Sedes
840 3083 965 3148 semper
988 3067 1099 3145 tenuit,
1129 3071 1302 3147 perpetuus
1326 3063 1389 3129 Ec-

219 3154 336 3220 clesiae
369 3172 445 3219 usus
469 3153 665 3238 comprobat,
701 3154 833 3234 ipsaque
857 3154 1059 3219 oecumenica
1082 3151 1231 3232 Concilio,
1268 3170 1306 3217 ea
1329 3154 1389 3215 im-

218 3242 339 3325 primis,
369 3243 402 3307 in
426 3241 540 3323 quibus
564 3240 678 3306 Oriens
710 3259 780 3305 cum
805 3240 977 3306 Occidente
1006 3243 1039 3305 iu
1061 3240 1136 3305 fidei
1164 3240 1390 3320 charitatisque

218 3331 368 3394 unionem
392 3330 610 3409 conueniebat,
635 3328 884 3395 declaraverunt.
920 3329 1034 3393 Patres
1058 3330 1142 3393 euim
1158 3327 1289 3392 Coucihi
1306 3325 1390 3392 Con-

106 3440 109 3445 ·
219 3417 496 3499 stantiuopolitaui
529 3418 646 3499 quarti,
681 3419 838 3500 majorum
869 3417 1012 3498 vestigiis
1047 3416 1259 3494 inhaerentes,
1305 3415 1391 3481 hanc

219 3504 393 3571 solemnem
417 3505 584 3570 ediderunt
606 3504 847 3587 professionem:
871 3503 979 3569 Prima
1002 3503 1087 3569 salus
1105 3510 1163 3584 est,
1186 3510 1292 3568 rectae
1315 3502 1391 3568 fidei

218 3593 362 3674 regulam
395 3593 563 3658 custodire.
621 3593 663 3657 Et
693 3593 860 3674 quianon
894 3596 1002 3674 potest
1034 3593 1160 3658 Domini
1187 3591 1289 3656 nostri
1311 3590 1390 3655 Jesu

219 3679 339 3746 Christi
360 3681 575 3762 praetermitti
597 3681 758 3746 sententia
781 3681 927 3745 dicentis:
961 3680 1010 3744 Tu
1032 3699 1065 3745 es
1089 3679 1213 3760 Petrus,
1237 3685 1270 3743 et
1292 3696 1390 3759 super

218 3768 302 3834 hano
317 3775 442 3850 petram
465 3767 642 3847 aedificabo
659 3768 836 3833 Ecclesiam
852 3787 966 3848 meam,
991 3768 1079 3848 haec,
1104 3786 1185 3848 quae
1202 3767 1288 3832 dieta
1303 3772 1388 3845 sunt,

218 3875 328 3922 rerum
351 3857 526 3938 probantur
542 3855 715 3938 effectibus,
740 3857 816 3937 quia
838 3856 871 3920 iu
887 3855 969 3922 Sede
984 3855 1167 3938 Apostolica
1182 3854 1390 3919 immaculata

219 3950 269 4010 est
292 3963 417 4027 semper
433 3945 590 4011 catholica
606 3949 770 4010 reservata
792 3945 913 4026 religio,
939 3948 972 4010 et
994 3949 1106 4009 sancta
1129 3942 1290 4008 celebrata
1314 3942 1389 4007 doc-

218 4033 313 4097 trina.
370 4033 420 4099 Ab
451 4034 546 4117 hujus
577 4052 653 4116 ergo
681 4031 744 4097 fide
778 4036 811 4097 et
841 4032 987 4097 doctriua
1018 4031 1161 4113 separari
1184 4031 1311 4095 minime
1336 4049 1388 4095 cu·

221 4138 481 4258 ÷ffiPR
501 4191 548 4244 Vl.
568 4190 654 4245 Breve
675 4190 777 4258 „Super
796 4188 952 4244 soliditate“
973 4188 997 4242 d.
1016 4191 1058 4242 28.
1078 4188 1147 4241 Nor.
1168 4191 1244 4241 1786.

327 4263 350 4328 θ)
371 4261 471 4314 Concil.
493 4261 601 4343 (lecum.
621 4261 748 4342 Lugdun.
769 4261 805 4312 ll.

329 4334 348 4399 ³)
368 4331 419 4400 Ep.
440 4347 461 4385 s.
481 4332 587 4386 Nicolar
606 4332 628 4388 I.
648 4331 683 4384 ad
702 4331 1090 4404 Mrehaelemlmperatorem.
