<?xml version="1.0" encoding="UTF-8"?>
<!DOCTYPE html PUBLIC "-//W3C//DTD XHTML 1.0 Transitional//EN"
    "http://www.w3.org/TR/xhtml1/DTD/xhtml1-transitional.dtd">
<html xmlns="http://www.w3.org/1999/xhtml" xml:lang="en" lang="en">
 <head>
  <title>
</title>
<meta http-equiv="Content-Type" content="text/html;charset=utf-8" />
  <meta name='ocr-system' content='tesseract 3.04.00' />
  <meta name='ocr-capabilities' content='ocr_page ocr_carea ocr_par ocr_line ocrx_word'/>
</head>
<body>
  <div class='ocr_page' id='page_1' title='image "./omniumconciliiv00martgoog_0023.png"; bbox 0 0 2872 4874; ppageno 0'>
   <div class='ocr_carea' id='block_1_1' title="bbox 208 358 986 420">
    <p class='ocr_par' dir='ltr' id='par_1_1' title="bbox 208 358 986 420">
     <span class='ocr_line' id='line_1_1' title="bbox 208 358 986 420; baseline 0 -4"><span class='ocrx_word' id='word_1_1' title='bbox 208 358 251 420; x_wconf 81' lang='lat' dir='ltr'>to</span> <span class='ocrx_word' id='word_1_2' title='bbox 600 369 792 418; x_wconf 82' lang='lat' dir='ltr'>consrirurro</span> <span class='ocrx_word' id='word_1_3' title='bbox 816 370 986 419; x_wconf 80' lang='lat' dir='ltr'>uoaunrren</span> 
     </span>
    </p>
   </div>
   <div class='ocr_carea' id='block_1_2' title="bbox 167 488 1374 768">
    <p class='ocr_par' dir='ltr' id='par_1_2' title="bbox 167 488 1374 768">
     <span class='ocr_line' id='line_1_2' title="bbox 167 488 1374 593; baseline -0.002 -17"><span class='ocrx_word' id='word_1_4' title='bbox 167 488 169 493; x_wconf 31' lang='lat'><strong>¹</strong></span> <span class='ocrx_word' id='word_1_5' title='bbox 200 512 335 576; x_wconf 88' lang='lat' dir='ltr'>omnino</span> <span class='ocrx_word' id='word_1_6' title='bbox 366 509 477 574; x_wconf 90' lang='lat' dir='ltr'>lalsam</span> <span class='ocrx_word' id='word_1_7' title='bbox 507 526 578 574; x_wconf 88' lang='lat' dir='ltr'>esse</span> <span class='ocrx_word' id='word_1_8' title='bbox 609 507 782 573; x_wconf 89' lang='lat' dir='ltr'>definimus.</span> <span class='ocrx_word' id='word_1_9' title='bbox 801 510 825 593; x_wconf 89' lang='grc'>1)</span> <span class='ocrx_word' id='word_1_10' title='bbox 870 509 969 575; x_wconf 87' lang='lat' dir='ltr'>Porro</span> <span class='ocrx_word' id='word_1_11' title='bbox 999 508 1162 589; x_wconf 80' lang='lat' dir='ltr'>Ecclesia,</span> <span class='ocrx_word' id='word_1_12' title='bbox 1198 528 1279 591; x_wconf 89' lang='lat' dir='ltr'>quae</span> <span class='ocrx_word' id='word_1_13' title='bbox 1309 529 1374 575; x_wconf 91' lang='lat' dir='ltr'>una</span> 
     </span>
     <span class='ocr_line' id='line_1_3' title="bbox 208 595 1374 679; baseline 0 -15"><span class='ocrx_word' id='word_1_14' title='bbox 208 618 280 664; x_wconf 87' lang='lat' dir='ltr'>curn</span> <span class='ocrx_word' id='word_1_15' title='bbox 304 596 479 679; x_wconf 90' lang='lat' dir='ltr'>apostolico</span> <span class='ocrx_word' id='word_1_16' title='bbox 502 614 631 661; x_wconf 90' lang='lat' dir='ltr'>munere</span> <span class='ocrx_word' id='word_1_17' title='bbox 655 595 804 676; x_wconf 85' lang='lat' dir='ltr'>docendi,</span> <span class='ocrx_word' id='word_1_18' title='bbox 841 598 1024 661; x_wconf 88' lang='lat' dir='ltr'>mandatum</span> <span class='ocrx_word' id='word_1_19' title='bbox 1048 599 1184 678; x_wconf 89' lang='lat' dir='ltr'>accepit,</span> <span class='ocrx_word' id='word_1_20' title='bbox 1222 596 1295 663; x_wconf 86' lang='lat' dir='ltr'>fidei</span> <span class='ocrx_word' id='word_1_21' title='bbox 1318 598 1374 664; x_wconf 88' lang='lat' dir='ltr'>de-</span> 
     </span>
     <span class='ocr_line' id='line_1_4' title="bbox 207 684 1374 768; baseline -0.003 -16"><span class='ocrx_word' id='word_1_22' title='bbox 207 687 346 768; x_wconf 90' lang='lat' dir='ltr'>positum</span> <span class='ocrx_word' id='word_1_23' title='bbox 370 684 578 763; x_wconf 86' lang='lat' dir='ltr'>custodiendi,</span> <span class='ocrx_word' id='word_1_24' title='bbox 598 684 651 765; x_wconf 87' lang='lat' dir='ltr'>jus</span> <span class='ocrx_word' id='word_1_25' title='bbox 676 685 773 748; x_wconf 90' lang='lat' dir='ltr'>etiam</span> <span class='ocrx_word' id='word_1_26' title='bbox 797 690 830 749; x_wconf 92' lang='lat' dir='ltr'>et</span> <span class='ocrx_word' id='word_1_27' title='bbox 852 684 987 749; x_wconf 90' lang='lat' dir='ltr'>officium</span> <span class='ocrx_word' id='word_1_28' title='bbox 1010 685 1159 750; x_wconf 82' lang='lat' dir='ltr'>divinitus</span> <span class='ocrx_word' id='word_1_29' title='bbox 1183 686 1279 751; x_wconf 88' lang='lat' dir='ltr'>habet</span> <span class='ocrx_word' id='word_1_30' title='bbox 1301 685 1374 750; x_wconf 85' lang='lat' dir='ltr'>falsi</span> 
     </span>
    </p>
   </div>
   <div class='ocr_carea' id='block_1_3' title="bbox 97 770 1373 856">
    <p class='ocr_par' dir='ltr' id='par_1_3' title="bbox 97 770 1373 856">
     <span class='ocr_line' id='line_1_5' title="bbox 97 770 1373 856; baseline 0.001 -18"><span class='ocrx_word' id='word_1_31' title='bbox 97 795 103 808; x_wconf 69' lang='lat'><strong><em>¹</em></strong></span> <span class='ocrx_word' id='word_1_32' title='bbox 208 775 344 839; x_wconf 91' lang='lat' dir='ltr'>nominis</span> <span class='ocrx_word' id='word_1_33' title='bbox 368 773 530 838; x_wconf 90' lang='lat' dir='ltr'>scientiam</span> <span class='ocrx_word' id='word_1_34' title='bbox 553 770 786 852; x_wconf 90' lang='lat' dir='ltr'>proscribendi,</span> <span class='ocrx_word' id='word_1_35' title='bbox 822 791 862 836; x_wconf 89' lang='lat' dir='ltr'>ne</span> <span class='ocrx_word' id='word_1_36' title='bbox 894 772 962 853; x_wconf 92' lang='lat' dir='ltr'>quis</span> <span class='ocrx_word' id='word_1_37' title='bbox 992 773 1168 854; x_wconf 83' lang='lat' dir='ltr'>decipiatur</span> <span class='ocrx_word' id='word_1_38' title='bbox 1191 793 1248 854; x_wconf 90' lang='lat' dir='ltr'>per</span> <span class='ocrx_word' id='word_1_39' title='bbox 1271 774 1373 856; x_wconf 91' lang='lat' dir='ltr'>philo-</span> 
     </span>
    </p>
   </div>
   <div class='ocr_carea' id='block_1_4' title="bbox 165 858 1374 3834">
    <p class='ocr_par' dir='ltr' id='par_1_4' title="bbox 207 858 1374 1381">
     <span class='ocr_line' id='line_1_6' title="bbox 208 858 1373 943; baseline -0.002 -16"><span class='ocrx_word' id='word_1_40' title='bbox 208 861 361 942; x_wconf 83' lang='lat' dir='ltr'>sophiam,</span> <span class='ocrx_word' id='word_1_41' title='bbox 386 865 419 923; x_wconf 92' lang='lat' dir='ltr'>et</span> <span class='ocrx_word' id='word_1_42' title='bbox 440 860 567 923; x_wconf 90' lang='lat' dir='ltr'>inanem</span> <span class='ocrx_word' id='word_1_43' title='bbox 589 858 757 926; x_wconf 87' lang='lat' dir='ltr'>fallaciam.</span> <span class='ocrx_word' id='word_1_44' title='bbox 771 860 797 943; x_wconf 72' lang='grc'>2)</span> <span class='ocrx_word' id='word_1_45' title='bbox 843 859 1045 943; x_wconf 80' lang='lat' dir='ltr'><strong>Quapropter</strong></span> <span class='ocrx_word' id='word_1_46' title='bbox 1068 879 1177 926; x_wconf 92' lang='lat' dir='ltr'>omnes</span> <span class='ocrx_word' id='word_1_47' title='bbox 1208 862 1373 927; x_wconf 91' lang='lat' dir='ltr'>christiani</span> 
     </span>
     <span class='ocr_line' id='line_1_7' title="bbox 208 945 1374 1029; baseline 0.002 -17"><span class='ocrx_word' id='word_1_48' title='bbox 208 948 318 1015; x_wconf 89' lang='lat' dir='ltr'>fideles</span> <span class='ocrx_word' id='word_1_49' title='bbox 334 947 513 1029; x_wconf 86' lang='lat' dir='ltr'>hujusmodi</span> <span class='ocrx_word' id='word_1_50' title='bbox 529 947 701 1027; x_wconf 74' lang='lat' dir='ltr'>opiniones</span> <span class='ocrx_word' id='word_1_51' title='bbox 726 965 807 1029; x_wconf 89' lang='lat' dir='ltr'>quae</span> <span class='ocrx_word' id='word_1_52' title='bbox 830 945 903 1012; x_wconf 92' lang='lat' dir='ltr'>fidei</span> <span class='ocrx_word' id='word_1_53' title='bbox 919 948 1082 1013; x_wconf 86' lang='lat' dir='ltr'>doctrinae</span> <span class='ocrx_word' id='word_1_54' title='bbox 1103 951 1280 1014; x_wconf 89' lang='lat' dir='ltr'>contrariae</span> <span class='ocrx_word' id='word_1_55' title='bbox 1304 968 1374 1014; x_wconf 88' lang='lat' dir='ltr'>esse</span> 
     </span>
     <span class='ocr_line' id='line_1_8' title="bbox 209 1035 1373 1120; baseline -0.002 -18"><span class='ocrx_word' id='word_1_56' title='bbox 209 1045 457 1120; x_wconf 87' lang='lat' dir='ltr'>cognoscuntur,</span> <span class='ocrx_word' id='word_1_57' title='bbox 491 1035 627 1099; x_wconf 84' lang='lat' dir='ltr'>maxime</span> <span class='ocrx_word' id='word_1_58' title='bbox 651 1036 677 1100; x_wconf 92' lang='lat' dir='ltr'>si</span> <span class='ocrx_word' id='word_1_59' title='bbox 700 1035 740 1099; x_wconf 88' lang='lat' dir='ltr'>ab</span> <span class='ocrx_word' id='word_1_60' title='bbox 762 1035 904 1100; x_wconf 84' lang='lat' dir='ltr'>Ecclesia</span> <span class='ocrx_word' id='word_1_61' title='bbox 927 1037 1116 1117; x_wconf 83' lang='lat' dir='ltr'>reprobatae</span> <span class='ocrx_word' id='word_1_62' title='bbox 1145 1036 1277 1117; x_wconf 83' lang='lat' dir='ltr'>luerint,</span> <span class='ocrx_word' id='word_1_63' title='bbox 1310 1057 1373 1102; x_wconf 93' lang='lat' dir='ltr'>non</span> 
     </span>
     <span class='ocr_line' id='line_1_9' title="bbox 208 1122 1373 1204; baseline 0 -14"><span class='ocrx_word' id='word_1_64' title='bbox 208 1125 310 1190; x_wconf 92' lang='lat' dir='ltr'>solum</span> <span class='ocrx_word' id='word_1_65' title='bbox 344 1122 553 1204; x_wconf 85' lang='lat' dir='ltr'>prohibentur</span> <span class='ocrx_word' id='word_1_66' title='bbox 585 1128 738 1202; x_wconf 91' lang='lat' dir='ltr'>tanquam</span> <span class='ocrx_word' id='word_1_67' title='bbox 777 1122 934 1204; x_wconf 84' lang='lat' dir='ltr'>legitimas</span> <span class='ocrx_word' id='word_1_68' title='bbox 969 1125 1121 1189; x_wconf 85' lang='lat' dir='ltr'>scientiae</span> <span class='ocrx_word' id='word_1_69' title='bbox 1157 1125 1373 1202; x_wconf 86' lang='lat' dir='ltr'>conclusiones</span> 
     </span>
     <span class='ocr_line' id='line_1_10' title="bbox 209 1210 1373 1292; baseline 0 -16"><span class='ocrx_word' id='word_1_70' title='bbox 209 1211 390 1287; x_wconf 89' lang='lat' dir='ltr'>defendere,</span> <span class='ocrx_word' id='word_1_71' title='bbox 427 1210 484 1275; x_wconf 91' lang='lat' dir='ltr'>sed</span> <span class='ocrx_word' id='word_1_72' title='bbox 520 1228 578 1291; x_wconf 88' lang='lat' dir='ltr'>pro</span> <span class='ocrx_word' id='word_1_73' title='bbox 613 1210 774 1275; x_wconf 91' lang='lat' dir='ltr'>erroribus</span> <span class='ocrx_word' id='word_1_74' title='bbox 808 1213 928 1292; x_wconf 91' lang='lat' dir='ltr'>potius,</span> <span class='ocrx_word' id='word_1_75' title='bbox 963 1213 1017 1292; x_wconf 93' lang='lat' dir='ltr'>qui</span> <span class='ocrx_word' id='word_1_76' title='bbox 1047 1211 1195 1277; x_wconf 87' lang='lat' dir='ltr'>fallacem</span> <span class='ocrx_word' id='word_1_77' title='bbox 1228 1214 1373 1278; x_wconf 85' lang='lat' dir='ltr'>veritatis</span> 
     </span>
     <span class='ocr_line' id='line_1_11' title="bbox 207 1297 1112 1381; baseline 0.001 -17"><span class='ocrx_word' id='word_1_78' title='bbox 207 1300 343 1381; x_wconf 89' lang='lat' dir='ltr'>speciem</span> <span class='ocrx_word' id='word_1_79' title='bbox 367 1297 637 1380; x_wconf 85' lang='lat' dir='ltr'>praescierant,</span> <span class='ocrx_word' id='word_1_80' title='bbox 662 1298 780 1362; x_wconf 91' lang='lat' dir='ltr'>habere</span> <span class='ocrx_word' id='word_1_81' title='bbox 802 1303 953 1363; x_wconf 88' lang='lat' dir='ltr'>tenentur</span> <span class='ocrx_word' id='word_1_82' title='bbox 976 1301 1112 1365; x_wconf 90' lang='lat' dir='ltr'>omnino.</span> 
     </span>
    </p>

    <p class='ocr_par' dir='ltr' id='par_1_5' title="bbox 201 1383 1373 2783">
     <span class='ocr_line' id='line_1_12' title="bbox 314 1383 1373 1468; baseline -0.001 -17"><span class='ocrx_word' id='word_1_83' title='bbox 314 1387 424 1467; x_wconf 89' lang='lat' dir='ltr'>Neque</span> <span class='ocrx_word' id='word_1_84' title='bbox 446 1385 548 1450; x_wconf 90' lang='lat' dir='ltr'>solum</span> <span class='ocrx_word' id='word_1_85' title='bbox 575 1383 654 1450; x_wconf 89' lang='lat' dir='ltr'>fides</span> <span class='ocrx_word' id='word_1_86' title='bbox 681 1391 716 1450; x_wconf 89' lang='lat' dir='ltr'>et</span> <span class='ocrx_word' id='word_1_87' title='bbox 746 1387 828 1450; x_wconf 90' lang='lat' dir='ltr'>ratio</span> <span class='ocrx_word' id='word_1_88' title='bbox 856 1387 939 1452; x_wconf 91' lang='lat' dir='ltr'>inter</span> <span class='ocrx_word' id='word_1_89' title='bbox 969 1405 1002 1452; x_wconf 91' lang='lat' dir='ltr'>se</span> <span class='ocrx_word' id='word_1_90' title='bbox 1029 1388 1184 1453; x_wconf 88' lang='lat' dir='ltr'>dissidere</span> <span class='ocrx_word' id='word_1_91' title='bbox 1211 1406 1373 1468; x_wconf 90' lang='lat' dir='ltr'>nunquam</span> 
     </span>
     <span class='ocr_line' id='line_1_13' title="bbox 207 1473 1370 1555; baseline 0.002 -17"><span class='ocrx_word' id='word_1_92' title='bbox 207 1479 349 1555; x_wconf 86' lang='lat' dir='ltr'>possunt,</span> <span class='ocrx_word' id='word_1_93' title='bbox 374 1475 429 1538; x_wconf 92' lang='lat' dir='ltr'>sed</span> <span class='ocrx_word' id='word_1_94' title='bbox 452 1491 544 1553; x_wconf 91' lang='lat' dir='ltr'>opem</span> <span class='ocrx_word' id='word_1_95' title='bbox 566 1491 691 1554; x_wconf 92' lang='lat' dir='ltr'>quoque</span> <span class='ocrx_word' id='word_1_96' title='bbox 716 1473 776 1538; x_wconf 92' lang='lat' dir='ltr'>sibi</span> <span class='ocrx_word' id='word_1_97' title='bbox 791 1479 933 1539; x_wconf 90' lang='lat' dir='ltr'>mutuam</span> <span class='ocrx_word' id='word_1_98' title='bbox 949 1474 1063 1555; x_wconf 85' lang='lat' dir='ltr'>ierunt,</span> <span class='ocrx_word' id='word_1_99' title='bbox 1088 1494 1160 1540; x_wconf 93' lang='lat' dir='ltr'>cum</span> <span class='ocrx_word' id='word_1_100' title='bbox 1184 1480 1272 1540; x_wconf 91' lang='lat' dir='ltr'>recta</span> <span class='ocrx_word' id='word_1_101' title='bbox 1287 1477 1370 1540; x_wconf 91' lang='lat' dir='ltr'>ratio</span> 
     </span>
     <span class='ocr_line' id='line_1_14' title="bbox 201 1561 1373 1643; baseline 0.001 -18"><span class='ocrx_word' id='word_1_102' title='bbox 201 1561 281 1627; x_wconf 88' lang='lat' dir='ltr'>fidei</span> <span class='ocrx_word' id='word_1_103' title='bbox 304 1561 509 1626; x_wconf 88' lang='lat' dir='ltr'>fundamenta</span> <span class='ocrx_word' id='word_1_104' title='bbox 532 1561 743 1642; x_wconf 85' lang='lat' dir='ltr'>demonstret,</span> <span class='ocrx_word' id='word_1_105' title='bbox 779 1561 908 1643; x_wconf 87' lang='lat' dir='ltr'>ejusque</span> <span class='ocrx_word' id='word_1_106' title='bbox 936 1563 1053 1628; x_wconf 89' lang='lat' dir='ltr'>lumine</span> <span class='ocrx_word' id='word_1_107' title='bbox 1082 1562 1243 1628; x_wconf 87' lang='lat' dir='ltr'>illustrata</span> <span class='ocrx_word' id='word_1_108' title='bbox 1265 1582 1373 1626; x_wconf 89' lang='lat' dir='ltr'>rerum</span> 
     </span>
     <span class='ocr_line' id='line_1_15' title="bbox 208 1647 1372 1729; baseline 0.003 -17"><span class='ocrx_word' id='word_1_109' title='bbox 208 1651 384 1714; x_wconf 89' lang='lat' dir='ltr'>divinarum</span> <span class='ocrx_word' id='word_1_110' title='bbox 407 1649 574 1713; x_wconf 86' lang='lat' dir='ltr'>scientiam</span> <span class='ocrx_word' id='word_1_111' title='bbox 597 1647 737 1729; x_wconf 74' lang='lat' dir='ltr'>excolat,</span> <span class='ocrx_word' id='word_1_112' title='bbox 768 1647 845 1714; x_wconf 89' lang='lat' dir='ltr'>fides</span> <span class='ocrx_word' id='word_1_113' title='bbox 869 1669 942 1715; x_wconf 88' lang='lat' dir='ltr'>vero</span> <span class='ocrx_word' id='word_1_114' title='bbox 966 1652 1123 1716; x_wconf 85' lang='lat' dir='ltr'>rationem</span> <span class='ocrx_word' id='word_1_115' title='bbox 1146 1652 1186 1717; x_wconf 89' lang='lat' dir='ltr'>ab</span> <span class='ocrx_word' id='word_1_116' title='bbox 1211 1652 1372 1716; x_wconf 92' lang='lat' dir='ltr'>erroribus</span> 
     </span>
     <span class='ocr_line' id='line_1_16' title="bbox 205 1736 1371 1818; baseline 0.003 -18"><span class='ocrx_word' id='word_1_117' title='bbox 205 1737 322 1802; x_wconf 90' lang='lat' dir='ltr'>liberet</span> <span class='ocrx_word' id='word_1_118' title='bbox 345 1756 384 1802; x_wconf 91' lang='lat' dir='ltr'>ao</span> <span class='ocrx_word' id='word_1_119' title='bbox 406 1742 544 1816; x_wconf 84' lang='lat' dir='ltr'>tueatur,</span> <span class='ocrx_word' id='word_1_120' title='bbox 569 1756 704 1817; x_wconf 89' lang='lat' dir='ltr'>eamque</span> <span class='ocrx_word' id='word_1_121' title='bbox 726 1736 893 1818; x_wconf 89' lang='lat' dir='ltr'>multiplici</span> <span class='ocrx_word' id='word_1_122' title='bbox 909 1740 1088 1815; x_wconf 76' lang='lat' dir='ltr'>cognitione</span> <span class='ocrx_word' id='word_1_123' title='bbox 1104 1741 1253 1804; x_wconf 90' lang='lat' dir='ltr'>instruat.</span> <span class='ocrx_word' id='word_1_124' title='bbox 1288 1739 1371 1815; x_wconf 84' lang='lat' dir='ltr'>Qua·</span> 
     </span>
     <span class='ocr_line' id='line_1_17' title="bbox 207 1824 1373 1906; baseline 0.003 -18"><span class='ocrx_word' id='word_1_125' title='bbox 207 1830 337 1906; x_wconf 91' lang='lat' dir='ltr'>propter</span> <span class='ocrx_word' id='word_1_126' title='bbox 360 1828 485 1889; x_wconf 91' lang='lat' dir='ltr'>tantum</span> <span class='ocrx_word' id='word_1_127' title='bbox 508 1826 607 1902; x_wconf 90' lang='lat' dir='ltr'>abest,</span> <span class='ocrx_word' id='word_1_128' title='bbox 632 1831 667 1888; x_wconf 93' lang='lat' dir='ltr'>ut</span> <span class='ocrx_word' id='word_1_129' title='bbox 689 1824 832 1890; x_wconf 88' lang='lat' dir='ltr'>Ecclesia</span> <span class='ocrx_word' id='word_1_130' title='bbox 854 1826 1063 1890; x_wconf 89' lang='lat' dir='ltr'>humanarum</span> <span class='ocrx_word' id='word_1_131' title='bbox 1085 1827 1201 1891; x_wconf 88' lang='lat' dir='ltr'>artium</span> <span class='ocrx_word' id='word_1_132' title='bbox 1225 1833 1257 1891; x_wconf 91' lang='lat' dir='ltr'>et</span> <span class='ocrx_word' id='word_1_133' title='bbox 1280 1826 1373 1892; x_wconf 91' lang='lat' dir='ltr'>disci-</span> 
     </span>
     <span class='ocr_line' id='line_1_18' title="bbox 205 1909 1373 1996; baseline 0.002 -20"><span class='ocrx_word' id='word_1_134' title='bbox 205 1913 365 1994; x_wconf 90' lang='lat' dir='ltr'>plinarum</span> <span class='ocrx_word' id='word_1_135' title='bbox 389 1909 534 1977; x_wconf 90' lang='lat' dir='ltr'>culturae</span> <span class='ocrx_word' id='word_1_136' title='bbox 558 1912 709 1992; x_wconf 91' lang='lat' dir='ltr'>obsistat,</span> <span class='ocrx_word' id='word_1_137' title='bbox 746 1917 781 1976; x_wconf 92' lang='lat' dir='ltr'>ut</span> <span class='ocrx_word' id='word_1_138' title='bbox 803 1913 886 1977; x_wconf 91' lang='lat' dir='ltr'>hanc</span> <span class='ocrx_word' id='word_1_139' title='bbox 909 1914 1016 1978; x_wconf 88' lang='lat' dir='ltr'>multis</span> <span class='ocrx_word' id='word_1_140' title='bbox 1038 1915 1140 1978; x_wconf 91' lang='lat' dir='ltr'>modis</span> <span class='ocrx_word' id='word_1_141' title='bbox 1164 1915 1255 1996; x_wconf 87' lang='lat' dir='ltr'>juvet</span> <span class='ocrx_word' id='word_1_142' title='bbox 1277 1922 1373 1995; x_wconf 89' lang='lat' dir='ltr'>atque</span> 
     </span>
     <span class='ocr_line' id='line_1_19' title="bbox 207 2000 1371 2081; baseline 0.003 -17"><span class='ocrx_word' id='word_1_143' title='bbox 207 2005 400 2081; x_wconf 91' lang='lat' dir='ltr'>promoveat.</span> <span class='ocrx_word' id='word_1_144' title='bbox 458 2000 530 2065; x_wconf 91' lang='lat' dir='ltr'>Non</span> <span class='ocrx_word' id='word_1_145' title='bbox 564 2002 647 2065; x_wconf 91' lang='lat' dir='ltr'>enim</span> <span class='ocrx_word' id='word_1_146' title='bbox 680 2002 842 2066; x_wconf 85' lang='lat' dir='ltr'>commoda</span> <span class='ocrx_word' id='word_1_147' title='bbox 878 2004 919 2066; x_wconf 90' lang='lat' dir='ltr'>ab</span> <span class='ocrx_word' id='word_1_148' title='bbox 949 2003 988 2066; x_wconf 90' lang='lat' dir='ltr'>iis</span> <span class='ocrx_word' id='word_1_149' title='bbox 1018 2002 1058 2066; x_wconf 92' lang='lat' dir='ltr'>ad</span> <span class='ocrx_word' id='word_1_150' title='bbox 1085 2000 1246 2066; x_wconf 89' lang='lat' dir='ltr'>hominurn</span> <span class='ocrx_word' id='word_1_151' title='bbox 1276 2004 1371 2067; x_wconf 89' lang='lat' dir='ltr'>vitam</span> 
     </span>
     <span class='ocr_line' id='line_1_20' title="bbox 207 2085 1371 2170; baseline 0.001 -18"><span class='ocrx_word' id='word_1_152' title='bbox 207 2088 401 2153; x_wconf 90' lang='lat' dir='ltr'>dimanantia</span> <span class='ocrx_word' id='word_1_153' title='bbox 424 2094 481 2153; x_wconf 90' lang='lat' dir='ltr'>aut</span> <span class='ocrx_word' id='word_1_154' title='bbox 502 2089 629 2168; x_wconf 82' lang='lat' dir='ltr'>ignorat</span> <span class='ocrx_word' id='word_1_155' title='bbox 652 2085 708 2152; x_wconf 88' lang='lat' dir='ltr'>aut</span> <span class='ocrx_word' id='word_1_156' title='bbox 731 2089 876 2169; x_wconf 80' lang='lat' dir='ltr'>despicit,</span> <span class='ocrx_word' id='word_1_157' title='bbox 912 2088 1031 2154; x_wconf 83' lang='lat' dir='ltr'>fatetur</span> <span class='ocrx_word' id='word_1_158' title='bbox 1054 2091 1133 2170; x_wconf 90' lang='lat' dir='ltr'>imo,</span> <span class='ocrx_word' id='word_1_159' title='bbox 1158 2109 1230 2169; x_wconf 92' lang='lat' dir='ltr'>eas,</span> <span class='ocrx_word' id='word_1_160' title='bbox 1262 2107 1371 2170; x_wconf 86' lang='lat' dir='ltr'>quern-</span> 
     </span>
     <span class='ocr_line' id='line_1_21' title="bbox 207 2176 1373 2258; baseline 0.001 -18"><span class='ocrx_word' id='word_1_161' title='bbox 207 2177 377 2242; x_wconf 90' lang='lat' dir='ltr'>admodum</span> <span class='ocrx_word' id='word_1_162' title='bbox 401 2194 420 2239; x_wconf 87' lang='lat' dir='ltr'>a</span> <span class='ocrx_word' id='word_1_163' title='bbox 443 2177 527 2255; x_wconf 92' lang='lat' dir='ltr'>Deo,</span> <span class='ocrx_word' id='word_1_164' title='bbox 557 2176 762 2239; x_wconf 88' lang='lat' dir='ltr'>scientiarum</span> <span class='ocrx_word' id='word_1_165' title='bbox 786 2176 933 2256; x_wconf 86' lang='lat' dir='ltr'>Domino,</span> <span class='ocrx_word' id='word_1_166' title='bbox 962 2176 1125 2258; x_wconf 87' lang='lat' dir='ltr'>profectae</span> <span class='ocrx_word' id='word_1_167' title='bbox 1151 2183 1240 2255; x_wconf 89' lang='lat' dir='ltr'>sunt,</span> <span class='ocrx_word' id='word_1_168' title='bbox 1277 2179 1323 2241; x_wconf 90' lang='lat' dir='ltr'>ita</span> <span class='ocrx_word' id='word_1_169' title='bbox 1347 2181 1373 2241; x_wconf 91' lang='lat' dir='ltr'>si</span> 
     </span>
     <span class='ocr_line' id='line_1_22' title="bbox 206 2261 1369 2345; baseline -0.001 -19"><span class='ocrx_word' id='word_1_170' title='bbox 206 2266 268 2328; x_wconf 88' lang='lat' dir='ltr'>rite</span> <span class='ocrx_word' id='word_1_171' title='bbox 296 2268 546 2345; x_wconf 89' lang='lat' dir='ltr'>pertractentur,</span> <span class='ocrx_word' id='word_1_172' title='bbox 570 2263 622 2326; x_wconf 70' lang='lat' dir='ltr'>ad,</span> <span class='ocrx_word' id='word_1_173' title='bbox 639 2262 755 2340; x_wconf 83' lang='lat' dir='ltr'>Deum,</span> <span class='ocrx_word' id='word_1_174' title='bbox 785 2261 917 2340; x_wconf 85' lang='lat' dir='ltr'>juvante</span> <span class='ocrx_word' id='word_1_175' title='bbox 948 2265 1016 2344; x_wconf 84' lang='lat' dir='ltr'>ejus</span> <span class='ocrx_word' id='word_1_176' title='bbox 1043 2265 1157 2345; x_wconf 84' lang='lat' dir='ltr'>gratia,</span> <span class='ocrx_word' id='word_1_177' title='bbox 1187 2263 1369 2344; x_wconf 88' lang='lat' dir='ltr'>perducere.</span> 
     </span>
     <span class='ocr_line' id='line_1_23' title="bbox 206 2347 1371 2430; baseline -0.003 -15"><span class='ocrx_word' id='word_1_178' title='bbox 206 2351 273 2417; x_wconf 89' lang='lat' dir='ltr'>Nec</span> <span class='ocrx_word' id='word_1_179' title='bbox 295 2370 372 2416; x_wconf 92' lang='lat' dir='ltr'>sane</span> <span class='ocrx_word' id='word_1_180' title='bbox 394 2352 464 2430; x_wconf 86' lang='lat' dir='ltr'>ipsa</span> <span class='ocrx_word' id='word_1_181' title='bbox 486 2353 587 2429; x_wconf 90' lang='lat' dir='ltr'>vetat,</span> <span class='ocrx_word' id='word_1_182' title='bbox 611 2367 651 2413; x_wconf 92' lang='lat' dir='ltr'>ne</span> <span class='ocrx_word' id='word_1_183' title='bbox 675 2347 853 2428; x_wconf 91' lang='lat' dir='ltr'>hujusmodi</span> <span class='ocrx_word' id='word_1_184' title='bbox 877 2349 1061 2430; x_wconf 90' lang='lat' dir='ltr'>disciplinae</span> <span class='ocrx_word' id='word_1_185' title='bbox 1090 2351 1122 2412; x_wconf 94' lang='lat' dir='ltr'>in</span> <span class='ocrx_word' id='word_1_186' title='bbox 1146 2367 1202 2412; x_wconf 93' lang='lat' dir='ltr'>suo</span> <span class='ocrx_word' id='word_1_187' title='bbox 1225 2367 1371 2428; x_wconf 90' lang='lat' dir='ltr'>quaeque</span> 
     </span>
     <span class='ocr_line' id='line_1_24' title="bbox 202 2435 1371 2519; baseline -0.003 -16"><span class='ocrx_word' id='word_1_188' title='bbox 202 2439 327 2504; x_wconf 90' lang='lat' dir='ltr'>ambitu</span> <span class='ocrx_word' id='word_1_189' title='bbox 359 2436 495 2519; x_wconf 91' lang='lat' dir='ltr'>propriis</span> <span class='ocrx_word' id='word_1_190' title='bbox 525 2442 657 2508; x_wconf 90' lang='lat' dir='ltr'>utantur</span> <span class='ocrx_word' id='word_1_191' title='bbox 690 2435 852 2517; x_wconf 91' lang='lat' dir='ltr'>principiis</span> <span class='ocrx_word' id='word_1_192' title='bbox 887 2441 919 2500; x_wconf 92' lang='lat' dir='ltr'>et</span> <span class='ocrx_word' id='word_1_193' title='bbox 952 2438 1081 2517; x_wconf 90' lang='lat' dir='ltr'>propria</span> <span class='ocrx_word' id='word_1_194' title='bbox 1115 2435 1279 2512; x_wconf 82' lang='lat' dir='ltr'>method03</span> <span class='ocrx_word' id='word_1_195' title='bbox 1315 2438 1371 2500; x_wconf 91' lang='lat' dir='ltr'>sed</span> 
     </span>
     <span class='ocr_line' id='line_1_25' title="bbox 204 2523 1371 2608; baseline -0.003 -17"><span class='ocrx_word' id='word_1_196' title='bbox 204 2527 325 2608; x_wconf 91' lang='lat' dir='ltr'>justam</span> <span class='ocrx_word' id='word_1_197' title='bbox 346 2525 428 2589; x_wconf 90' lang='lat' dir='ltr'>hano</span> <span class='ocrx_word' id='word_1_198' title='bbox 450 2525 632 2590; x_wconf 89' lang='lat' dir='ltr'>libertatern</span> <span class='ocrx_word' id='word_1_199' title='bbox 655 2541 836 2605; x_wconf 82' lang='lat' dir='ltr'>agnoscens,</span> <span class='ocrx_word' id='word_1_200' title='bbox 860 2523 893 2587; x_wconf 92' lang='lat' dir='ltr'>id</span> <span class='ocrx_word' id='word_1_201' title='bbox 916 2524 1025 2588; x_wconf 90' lang='lat' dir='ltr'>sedulo</span> <span class='ocrx_word' id='word_1_202' title='bbox 1050 2533 1159 2607; x_wconf 87' lang='lat' dir='ltr'>cavet,</span> <span class='ocrx_word' id='word_1_203' title='bbox 1184 2542 1223 2587; x_wconf 92' lang='lat' dir='ltr'>ne</span> <span class='ocrx_word' id='word_1_204' title='bbox 1247 2523 1371 2588; x_wconf 90' lang='lat' dir='ltr'>divinae</span> 
     </span>
     <span class='ocr_line' id='line_1_26' title="bbox 208 2611 1369 2693; baseline 0.001 -17"><span class='ocrx_word' id='word_1_205' title='bbox 208 2615 369 2679; x_wconf 87' lang='lat' dir='ltr'>doetrinae</span> <span class='ocrx_word' id='word_1_206' title='bbox 390 2611 594 2693; x_wconf 86' lang='lat' dir='ltr'>repugnando</span> <span class='ocrx_word' id='word_1_207' title='bbox 615 2629 737 2675; x_wconf 89' lang='lat' dir='ltr'>errores</span> <span class='ocrx_word' id='word_1_208' title='bbox 753 2611 786 2674; x_wconf 93' lang='lat' dir='ltr'>in</span> <span class='ocrx_word' id='word_1_209' title='bbox 802 2629 836 2675; x_wconf 91' lang='lat' dir='ltr'>se</span> <span class='ocrx_word' id='word_1_210' title='bbox 852 2613 1035 2692; x_wconf 87' lang='lat' dir='ltr'>suscipiant,</span> <span class='ocrx_word' id='word_1_211' title='bbox 1058 2618 1115 2676; x_wconf 91' lang='lat' dir='ltr'>aut</span> <span class='ocrx_word' id='word_1_212' title='bbox 1129 2612 1207 2675; x_wconf 90' lang='lat' dir='ltr'>fines</span> <span class='ocrx_word' id='word_1_213' title='bbox 1223 2613 1369 2693; x_wconf 85' lang='lat' dir='ltr'>proprios</span> 
     </span>
     <span class='ocr_line' id='line_1_27' title="bbox 208 2697 1268 2783; baseline -0.004 -17"><span class='ocrx_word' id='word_1_214' title='bbox 208 2709 438 2783; x_wconf 85' lang='lat' dir='ltr'>transgressae,</span> <span class='ocrx_word' id='word_1_215' title='bbox 463 2719 509 2781; x_wconf 88' lang='lat' dir='ltr'>ea,</span> <span class='ocrx_word' id='word_1_216' title='bbox 534 2717 614 2781; x_wconf 90' lang='lat' dir='ltr'>quae</span> <span class='ocrx_word' id='word_1_217' title='bbox 637 2704 712 2764; x_wconf 89' lang='lat' dir='ltr'>sunt</span> <span class='ocrx_word' id='word_1_218' title='bbox 734 2697 815 2779; x_wconf 91' lang='lat' dir='ltr'>fidei,</span> <span class='ocrx_word' id='word_1_219' title='bbox 840 2705 996 2780; x_wconf 89' lang='lat' dir='ltr'>occupent</span> <span class='ocrx_word' id='word_1_220' title='bbox 1018 2704 1050 2764; x_wconf 90' lang='lat' dir='ltr'>et</span> <span class='ocrx_word' id='word_1_221' title='bbox 1071 2701 1268 2780; x_wconf 87' lang='lat' dir='ltr'>perturbent.</span> 
     </span>
    </p>

    <p class='ocr_par' dir='ltr' id='par_1_6' title="bbox 165 2785 1373 3834">
     <span class='ocr_line' id='line_1_28' title="bbox 312 2785 1373 2868; baseline 0 -16"><span class='ocrx_word' id='word_1_222' title='bbox 312 2789 422 2868; x_wconf 88' lang='lat' dir='ltr'>Neque</span> <span class='ocrx_word' id='word_1_223' title='bbox 446 2788 527 2852; x_wconf 90' lang='lat' dir='ltr'>enim</span> <span class='ocrx_word' id='word_1_224' title='bbox 555 2785 630 2852; x_wconf 91' lang='lat' dir='ltr'>fidei</span> <span class='ocrx_word' id='word_1_225' title='bbox 644 2840 645 2843; x_wconf 15' lang='grc' dir='ltr'>η</span> <span class='ocrx_word' id='word_1_226' title='bbox 658 2788 814 2863; x_wconf 90' lang='lat' dir='ltr'>doctrina,</span> <span class='ocrx_word' id='word_1_227' title='bbox 848 2806 943 2868; x_wconf 91' lang='lat' dir='ltr'>quam</span> <span class='ocrx_word' id='word_1_228' title='bbox 967 2788 1053 2852; x_wconf 89' lang='lat' dir='ltr'>Deus</span> <span class='ocrx_word' id='word_1_229' title='bbox 1080 2787 1249 2866; x_wconf 84' lang='lat' dir='ltr'>revelavit,</span> <span class='ocrx_word' id='word_1_230' title='bbox 1285 2789 1373 2852; x_wconf 86' lang='lat' dir='ltr'>uelut</span> 
     </span>
     <span class='ocr_line' id='line_1_29' title="bbox 205 2875 1371 2959; baseline 0 -19"><span class='ocrx_word' id='word_1_231' title='bbox 205 2876 458 2959; x_wconf 90' lang='lat' dir='ltr'>philosophicum</span> <span class='ocrx_word' id='word_1_232' title='bbox 489 2877 652 2940; x_wconf 82' lang='lat' dir='ltr'>inventum</span> <span class='ocrx_word' id='word_1_233' title='bbox 681 2876 845 2957; x_wconf 87' lang='lat' dir='ltr'>proposita</span> <span class='ocrx_word' id='word_1_234' title='bbox 878 2880 927 2940; x_wconf 91' lang='lat' dir='ltr'>est</span> <span class='ocrx_word' id='word_1_235' title='bbox 958 2875 1105 2940; x_wconf 90' lang='lat' dir='ltr'>humanis</span> <span class='ocrx_word' id='word_1_236' title='bbox 1134 2876 1267 2956; x_wconf 81' lang='lat' dir='ltr'>ingeniis</span> <span class='ocrx_word' id='word_1_237' title='bbox 1302 2895 1371 2956; x_wconf 92' lang='lat' dir='ltr'>per-</span> 
     </span>
     <span class='ocr_line' id='line_1_30' title="bbox 201 2963 1373 3044; baseline 0 -16"><span class='ocrx_word' id='word_1_238' title='bbox 201 2963 357 3044; x_wconf 88' lang='lat' dir='ltr'>ficienda,</span> <span class='ocrx_word' id='word_1_239' title='bbox 400 2963 457 3029; x_wconf 88' lang='lat' dir='ltr'>sed</span> <span class='ocrx_word' id='word_1_240' title='bbox 494 2970 647 3044; x_wconf 88' lang='lat' dir='ltr'>tanquam</span> <span class='ocrx_word' id='word_1_241' title='bbox 687 2963 827 3027; x_wconf 89' lang='lat' dir='ltr'>divinum</span> <span class='ocrx_word' id='word_1_242' title='bbox 866 2963 1043 3044; x_wconf 91' lang='lat' dir='ltr'>depositum</span> <span class='ocrx_word' id='word_1_243' title='bbox 1079 2963 1196 3028; x_wconf 81' lang='lat' dir='ltr'>Christi</span> <span class='ocrx_word' id='word_1_244' title='bbox 1232 2964 1373 3044; x_wconf 84' lang='lat' dir='ltr'>Sponsae</span> 
     </span>
     <span class='ocr_line' id='line_1_31' title="bbox 205 3049 1372 3131; baseline -0.002 -15"><span class='ocrx_word' id='word_1_245' title='bbox 205 3053 342 3131; x_wconf 91' lang='lat' dir='ltr'>tradita,</span> <span class='ocrx_word' id='word_1_246' title='bbox 367 3051 504 3116; x_wconf 88' lang='lat' dir='ltr'>fideliter</span> <span class='ocrx_word' id='word_1_247' title='bbox 527 3050 735 3116; x_wconf 89' lang='lat' dir='ltr'>custodienda</span> <span class='ocrx_word' id='word_1_248' title='bbox 758 3057 790 3115; x_wconf 90' lang='lat' dir='ltr'>et</span> <span class='ocrx_word' id='word_1_249' title='bbox 811 3049 1022 3116; x_wconf 85' lang='lat' dir='ltr'>infallibiliter</span> <span class='ocrx_word' id='word_1_250' title='bbox 1045 3051 1245 3117; x_wconf 82' lang='lat' dir='ltr'>declaranda.</span> <span class='ocrx_word' id='word_1_251' title='bbox 1291 3052 1372 3114; x_wconf 92' lang='lat' dir='ltr'>Hinc</span> 
     </span>
     <span class='ocr_line' id='line_1_32' title="bbox 207 3138 1371 3220; baseline -0.002 -17"><span class='ocrx_word' id='word_1_252' title='bbox 207 3157 369 3205; x_wconf 89' lang='lat' dir='ltr'>sacrorum</span> <span class='ocrx_word' id='word_1_253' title='bbox 393 3157 516 3220; x_wconf 92' lang='lat' dir='ltr'>quoque</span> <span class='ocrx_word' id='word_1_254' title='bbox 540 3138 723 3218; x_wconf 84' lang='lat' dir='ltr'>dogmatum</span> <span class='ocrx_word' id='word_1_255' title='bbox 746 3139 774 3202; x_wconf 92' lang='lat' dir='ltr'>is</span> <span class='ocrx_word' id='word_1_256' title='bbox 797 3157 907 3203; x_wconf 89' lang='lat' dir='ltr'>sensus</span> <span class='ocrx_word' id='word_1_257' title='bbox 930 3144 1084 3220; x_wconf 87' lang='lat' dir='ltr'>perpetuo</span> <span class='ocrx_word' id='word_1_258' title='bbox 1108 3143 1157 3204; x_wconf 90' lang='lat' dir='ltr'>cst</span> <span class='ocrx_word' id='word_1_259' title='bbox 1177 3139 1371 3219; x_wconf 88' lang='lat' dir='ltr'>retinendus,</span> 
     </span>
     <span class='ocr_line' id='line_1_33' title="bbox 204 3225 1371 3308; baseline -0.001 -17"><span class='ocrx_word' id='word_1_260' title='bbox 204 3246 300 3308; x_wconf 88' lang='lat' dir='ltr'>quern</span> <span class='ocrx_word' id='word_1_261' title='bbox 324 3227 420 3292; x_wconf 88' lang='lat' dir='ltr'>semel</span> <span class='ocrx_word' id='word_1_262' title='bbox 443 3226 618 3292; x_wconf 89' lang='lat' dir='ltr'>declaravit</span> <span class='ocrx_word' id='word_1_263' title='bbox 641 3225 760 3290; x_wconf 87' lang='lat' dir='ltr'>Sancta</span> <span class='ocrx_word' id='word_1_264' title='bbox 784 3226 887 3292; x_wconf 91' lang='lat' dir='ltr'>Mater</span> <span class='ocrx_word' id='word_1_265' title='bbox 909 3225 1062 3305; x_wconf 85' lang='lat' dir='ltr'>Ecclesia,</span> <span class='ocrx_word' id='word_1_266' title='bbox 1088 3245 1307 3306; x_wconf 89' lang='lat' dir='ltr'>necunquam</span> <span class='ocrx_word' id='word_1_267' title='bbox 1332 3227 1371 3291; x_wconf 94' lang='lat' dir='ltr'>ab</span> 
     </span>
     <span class='ocr_line' id='line_1_34' title="bbox 202 3313 1372 3396; baseline -0.003 -17"><span class='ocrx_word' id='word_1_268' title='bbox 202 3332 373 3394; x_wconf 85' lang='lat' dir='ltr'>cosensu,</span> <span class='ocrx_word' id='word_1_269' title='bbox 407 3313 529 3380; x_wconf 90' lang='lat' dir='ltr'>altioris</span> <span class='ocrx_word' id='word_1_270' title='bbox 553 3313 781 3394; x_wconf 82' lang='lat' dir='ltr'>intelligentiae</span> <span class='ocrx_word' id='word_1_271' title='bbox 811 3314 915 3396; x_wconf 88' lang='lat' dir='ltr'>specie</span> <span class='ocrx_word' id='word_1_272' title='bbox 938 3320 972 3378; x_wconf 91' lang='lat' dir='ltr'>et</span> <span class='ocrx_word' id='word_1_273' title='bbox 994 3314 1128 3392; x_wconf 91' lang='lat' dir='ltr'>nomine,</span> <span class='ocrx_word' id='word_1_274' title='bbox 1151 3313 1372 3378; x_wconf 89' lang='lat' dir='ltr'>recedendum.</span> 
     </span>
     <span class='ocr_line' id='line_1_35' title="bbox 206 3399 1372 3484; baseline 0 -18"><span class='ocrx_word' id='word_1_275' title='bbox 206 3400 337 3467; x_wconf 83' lang='lat' dir='ltr'>Crescat</span> <span class='ocrx_word' id='word_1_276' title='bbox 365 3403 463 3484; x_wconf 83' lang='lat' dir='ltr'>igitur</span> <span class='ocrx_word' id='word_1_277' title='bbox 486 3408 519 3467; x_wconf 89' lang='lat' dir='ltr'>et</span> <span class='ocrx_word' id='word_1_278' title='bbox 541 3402 676 3466; x_wconf 90' lang='lat' dir='ltr'>multum</span> <span class='ocrx_word' id='word_1_279' title='bbox 699 3401 963 3483; x_wconf 88' lang='lat' dir='ltr'>vehementerque</span> <span class='ocrx_word' id='word_1_280' title='bbox 985 3399 1143 3482; x_wconf 91' lang='lat' dir='ltr'>proficiat,</span> <span class='ocrx_word' id='word_1_281' title='bbox 1174 3406 1243 3466; x_wconf 92' lang='lat' dir='ltr'>tam</span> <span class='ocrx_word' id='word_1_282' title='bbox 1266 3405 1372 3483; x_wconf 84' lang='lat' dir='ltr'>singu-</span> 
     </span>
     <span class='ocr_line' id='line_1_36' title="bbox 206 3488 1371 3571; baseline 0.002 -19"><span class='ocrx_word' id='word_1_283' title='bbox 206 3490 317 3568; x_wconf 91' lang='lat' dir='ltr'>lorum,</span> <span class='ocrx_word' id='word_1_284' title='bbox 341 3509 436 3571; x_wconf 88' lang='lat' dir='ltr'>quam</span> <span class='ocrx_word' id='word_1_285' title='bbox 451 3491 598 3568; x_wconf 89' lang='lat' dir='ltr'>omnium,</span> <span class='ocrx_word' id='word_1_286' title='bbox 623 3495 689 3554; x_wconf 91' lang='lat' dir='ltr'>tam</span> <span class='ocrx_word' id='word_1_287' title='bbox 706 3491 797 3555; x_wconf 88' lang='lat' dir='ltr'>unius</span> <span class='ocrx_word' id='word_1_288' title='bbox 814 3489 956 3571; x_wconf 92' lang='lat' dir='ltr'>hominis,</span> <span class='ocrx_word' id='word_1_289' title='bbox 973 3507 1069 3570; x_wconf 90' lang='lat' dir='ltr'>quarn</span> <span class='ocrx_word' id='word_1_290' title='bbox 1084 3490 1182 3555; x_wconf 91' lang='lat' dir='ltr'>totius</span> <span class='ocrx_word' id='word_1_291' title='bbox 1197 3488 1371 3569; x_wconf 87' lang='lat' dir='ltr'>Ecclesiae,</span> 
     </span>
     <span class='ocr_line' id='line_1_37' title="bbox 165 3576 1370 3660; baseline -0.001 -18"><span class='ocrx_word' id='word_1_292' title='bbox 165 3626 169 3633; x_wconf 80' lang='lat'><strong>.</strong></span> <span class='ocrx_word' id='word_1_293' title='bbox 203 3582 348 3642; x_wconf 86' lang='lat' dir='ltr'>aetatum</span> <span class='ocrx_word' id='word_1_294' title='bbox 361 3597 398 3642; x_wconf 90' lang='lat' dir='ltr'>ac</span> <span class='ocrx_word' id='word_1_295' title='bbox 415 3577 614 3642; x_wconf 89' lang='lat' dir='ltr'>saeculorum</span> <span class='ocrx_word' id='word_1_296' title='bbox 629 3577 790 3659; x_wconf 84' lang='lat' dir='ltr'>gradibus,</span> <span class='ocrx_word' id='word_1_297' title='bbox 807 3576 1026 3656; x_wconf 79' lang='lat' dir='ltr'>intelligentia,</span> <span class='ocrx_word' id='word_1_298' title='bbox 1043 3578 1184 3657; x_wconf 88' lang='lat' dir='ltr'>scientia,</span> <span class='ocrx_word' id='word_1_299' title='bbox 1202 3579 1370 3660; x_wconf 90' lang='lat' dir='ltr'>sapientia:</span> 
     </span>
     <span class='ocr_line' id='line_1_38' title="bbox 206 3665 1370 3748; baseline -0.002 -18"><span class='ocrx_word' id='word_1_300' title='bbox 206 3665 263 3730; x_wconf 88' lang='lat' dir='ltr'>sed</span> <span class='ocrx_word' id='word_1_301' title='bbox 286 3666 316 3729; x_wconf 95' lang='lat' dir='ltr'>in</span> <span class='ocrx_word' id='word_1_302' title='bbox 341 3683 398 3730; x_wconf 92' lang='lat' dir='ltr'>suo</span> <span class='ocrx_word' id='word_1_303' title='bbox 422 3665 587 3730; x_wconf 86' lang='lat' dir='ltr'>dumtaxat</span> <span class='ocrx_word' id='word_1_304' title='bbox 609 3683 734 3746; x_wconf 82' lang='lat' dir='ltr'>genere,</span> <span class='ocrx_word' id='word_1_305' title='bbox 758 3666 790 3728; x_wconf 93' lang='lat' dir='ltr'>in</span> <span class='ocrx_word' id='word_1_306' title='bbox 813 3666 923 3730; x_wconf 91' lang='lat' dir='ltr'>eodem</span> <span class='ocrx_word' id='word_1_307' title='bbox 947 3665 1066 3730; x_wconf 91' lang='lat' dir='ltr'>scilicet</span> <span class='ocrx_word' id='word_1_308' title='bbox 1081 3667 1238 3748; x_wconf 85' lang='lat' dir='ltr'>dogmate,</span> <span class='ocrx_word' id='word_1_309' title='bbox 1263 3665 1370 3731; x_wconf 88' lang='lat' dir='ltr'>eodem</span> 
     </span>
     <span class='ocr_line' id='line_1_39' title="bbox 206 3753 743 3834; baseline -0.004 -17"><span class='ocrx_word' id='word_1_310' title='bbox 206 3771 312 3833; x_wconf 90' lang='lat' dir='ltr'>sensu,</span> <span class='ocrx_word' id='word_1_311' title='bbox 337 3753 510 3834; x_wconf 89' lang='lat' dir='ltr'>eademque</span> <span class='ocrx_word' id='word_1_312' title='bbox 534 3753 700 3818; x_wconf 87' lang='lat' dir='ltr'>sententia.</span> <span class='ocrx_word' id='word_1_313' title='bbox 713 3754 743 3834; x_wconf 74' lang='lat'>³)</span> 
     </span>
    </p>
   </div>
   <div class='ocr_carea' id='block_1_5' title="bbox 207 3930 417 3938">
    <p class='ocr_par' dir='ltr' id='par_1_7' title="bbox 207 3930 417 3938">
     <span class='ocr_line' id='line_1_40' title="bbox 207 3930 417 3938; baseline -0.005 0"><span class='ocrx_word' id='word_1_314' title='bbox 207 3930 417 3938; x_wconf 66' lang='lat'>--.·-—--———</span> 
     </span>
    </p>
   </div>
   <div class='ocr_carea' id='block_1_6' title="bbox 317 4029 1019 4171">
    <p class='ocr_par' dir='ltr' id='par_1_8' title="bbox 317 4029 1019 4171">
     <span class='ocr_line' id='line_1_41' title="bbox 317 4029 1019 4171; baseline -0.001 -85"><span class='ocrx_word' id='word_1_315' title='bbox 317 4032 338 4171; x_wconf 58' lang='lat'>¹3</span> <span class='ocrx_word' id='word_1_316' title='bbox 358 4031 440 4086; x_wconf 82' lang='lat' dir='ltr'>Cone.</span> <span class='ocrx_word' id='word_1_317' title='bbox 459 4032 520 4088; x_wconf 85' lang='lat' dir='ltr'>Lat.</span> <span class='ocrx_word' id='word_1_318' title='bbox 539 4031 572 4085; x_wconf 83' lang='lat' dir='ltr'>V.</span> <span class='ocrx_word' id='word_1_319' title='bbox 591 4031 673 4085; x_wconf 88' lang='lat' dir='ltr'>Bulla</span> <span class='ocrx_word' id='word_1_320' title='bbox 691 4029 849 4098; x_wconf 78' lang='lat' dir='ltr'>Apostolici</span> <span class='ocrx_word' id='word_1_321' title='bbox 866 4031 1019 4100; x_wconf 77' lang='lat' dir='ltr'>repimiais.</span> 
     </span>
    </p>
   </div>
   <div class='ocr_carea' id='block_1_7' title="bbox 312 4101 1101 4170">
    <p class='ocr_par' dir='ltr' id='par_1_9' title="bbox 312 4101 1101 4170">
     <span class='ocr_line' id='line_1_42' title="bbox 312 4101 1101 4170; baseline -0.003 -14"><span class='ocrx_word' id='word_1_322' title='bbox 312 4104 325 4136; x_wconf 78' lang='lat'>⁸</span> <span class='ocrx_word' id='word_1_323' title='bbox 356 4102 461 4159; x_wconf 83' lang='lat' dir='ltr'>Coloss.</span> <span class='ocrx_word' id='word_1_324' title='bbox 479 4103 516 4157; x_wconf 89' lang='lat' dir='ltr'>II.</span> <span class='ocrx_word' id='word_1_325' title='bbox 534 4105 558 4156; x_wconf 83' lang='lat'>8.</span> <span class='ocrx_word' id='word_1_326' title='bbox 636 4103 659 4170; x_wconf 75' lang='grc'>3)</span> <span class='ocrx_word' id='word_1_327' title='bbox 679 4102 758 4156; x_wconf 82' lang='lat' dir='ltr'>Vinc.</span> <span class='ocrx_word' id='word_1_328' title='bbox 777 4101 833 4155; x_wconf 84' lang='lat' dir='ltr'>Lir.</span> <span class='ocrx_word' id='word_1_329' title='bbox 855 4101 993 4158; x_wconf 74' lang='lat' dir='ltr'>common.</span> <span class='ocrx_word' id='word_1_330' title='bbox 1013 4118 1039 4159; x_wconf 91' lang='lat' dir='ltr'>n.</span> <span class='ocrx_word' id='word_1_331' title='bbox 1058 4103 1101 4155; x_wconf 84' lang='lat'>28.</span> 
     </span>
    </p>
   </div>
   <div class='ocr_carea' id='block_1_8' title="bbox 0 0 1440 4874">
    <p class='ocr_par' dir='ltr' id='par_1_10' title="bbox 0 0 1440 4874">
     <span class='ocr_line' id='line_1_43' title="bbox 0 0 1440 4874; baseline 0 0"><span class='ocrx_word' id='word_1_332' title='bbox 0 0 1440 4874; x_wconf 95' lang='lat' dir='ltr'> </span> 
     </span>
    </p>
   </div>
  </div>
 </body>
</html>
