2932 4896
524 359 562 404 nu
587 357 765 406 urscmnurl.
1112 357 1119 370 ·
1169 347 1230 406 147

63 498 209 564 locorum
223 503 354 563 vacant:
376 497 460 577 quod
476 498 596 561 utinam
618 516 779 578 nunquam
796 497 854 562 soli
869 496 1015 578 facerent,
1032 499 1090 563 sed
1104 517 1232 583 semper

64 585 142 666 bini,
164 585 255 666 juxta
277 584 419 666 regulam
443 585 665 665 evangelicam,
690 591 782 650 caute
805 586 1020 651 mitterentur!

174 673 253 738 Cum
275 678 391 752 autem,
414 672 448 737 in
471 677 557 738 statu
578 673 739 754 praesenti
753 672 918 738 Ecclesiae
943 680 976 738 et
998 674 1156 739 humanae
1179 692 1228 740 so·

67 761 204 841 rietatis,
221 761 497 827 circumstantibus
519 761 591 825 hinc
613 765 645 825 61
660 760 732 825 inde
755 760 869 828 invidis
883 761 1038 841 hostibus,
1061 763 1230 828 haereticis

63 849 195 930 scilicet,
217 849 397 928 incredulis
429 854 462 913 et
484 849 576 913 malis
598 848 749 930 politicis,
780 849 835 929 qui
855 847 1082 915 infensissimos
1106 851 1227 916 animos

64 956 147 1020 erga
169 937 334 1018 religiosos
363 936 498 1001 Ordines
522 943 646 1018 gerunt,
677 955 818 1002 summae
840 937 1040 1002 necessitatis
1063 939 1104 1003 sit
1126 938 1232 1020 Regn-

27 1080 33 1089 ,
67 1026 151 1091 lares
167 1025 325 1107 quoslibet
348 1030 381 1090 61
397 1029 505 1089 sancte
521 1025 635 1104 vivere,
660 1030 692 1089 et
708 1025 860 1106 quidquid
875 1024 1058 1090 scandalum
1079 1027 1231 1109 praebere

65 1120 177 1198 posset
209 1113 249 1177 ab
276 1113 437 1178 Institutis
469 1113 535 1177 suis
567 1113 800 1194 promptissime
827 1131 1008 1191 removere3
1042 1113 1231 1180 statuendae

67 1201 251 1267 riderentur
284 1201 408 1281 aliquae
439 1201 520 1282 juris
555 1200 697 1282 regulae,
737 1219 869 1281 quarum
901 1219 977 1283 ope:
1019 1207 1049 1263 1⁰
1080 1201 1231 1283 Religiosi

18 1309 21 1311 ·
68 1288 178 1355 discoli
200 1293 233 1354 61
248 1288 435 1368 scandalosi,
452 1289 654 1369 quantumvis
669 1288 862 1353 solemnibus
878 1289 959 1353 votis
975 1289 1086 1370 ornati,
1110 1288 1232 1354 lucilius
1269 1327 1278 1335 -

65 1382 101 1442 et
124 1375 303 1459 expeditius
319 1374 433 1458 expelli
448 1381 589 1457 possent,
612 1382 644 1440 et
666 1377 751 1441 vitae
766 1377 920 1442 saeculari
942 1377 1049 1456 reddi3
1074 1381 1106 1441 2⁰
1121 1377 1232 1443 domus

66 1464 243 1548 religiosae,
264 1465 371 1529 statim
394 1483 432 1529 ac
454 1463 609 1546 regularis
632 1465 665 1528 in
688 1465 733 1530 eis
757 1463 923 1545 disciplina
942 1467 1070 1546 gravius
1097 1465 1234 1532 relaxari

69 1553 272 1631 constitisset,
289 1551 464 1632 reformari,
489 1558 545 1617 aut
560 1553 714 1633 supprimi
736 1556 875 1633 possent,
893 1558 926 1618 61
941 1552 1106 1633 deberent;
1131 1558 1163 1619 3⁰
1178 1571 1233 1618 ne-

67 1659 129 1722 qne
151 1641 344 1706 toleraretur
366 1641 581 1722 inposterum
612 1640 678 1704 nlla
700 1639 848 1722 religiosa
871 1641 1013 1720 societas,
1039 1641 1088 1706 vel
1112 1641 1231 1722 domne,

65 1747 148 1810 quae
170 1726 335 1793 manifeste
358 1728 479 1793 inutilis
502 1729 535 1792 in
557 1727 702 1793 Ecclesia
724 1726 810 1792 facta
833 1734 926 1794 61161.

173 1813 274 1882 valde
298 1817 393 1881 etiam
416 1817 577 1897 expediret
601 1815 815 1897 exemptiones
839 1814 878 1880 de
900 1834 982 1880 novo
1005 1834 1068 1882 non
1091 1818 1228 1897 concedi,

68 1903 187 1984 etjam
215 1921 380 1969 concessas
409 1904 456 1968 ita
479 1904 642 1968 moderate
672 1904 851 1984 temperari,
888 1908 923 1968 ut
951 1904 1231 1985 supprimerentur,

64 1997 221 2074 quantum
236 1991 386 2074 possibile
410 1993 479 2071 erit,
496 1990 671 2073 Regulares
687 1993 770 2056 inter
792 1995 825 2056 et
840 1989 1026 2057 Saeculares
1053 1994 1232 2059 occasiones

66 2079 193 2148 illorum
221 2078 420 2145 conflictuum
455 2079 524 2160 qui,
554 2081 588 2144 in
605 2078 772 2145 hodierno
800 2097 909 2143 rerum
936 2083 1038 2160 statu,
1073 2098 1136 2145 non
1171 2081 1232 2146 nisi

66 2167 333 2251 periculosissime
356 2185 521 2250 erumpere
544 2173 577 2232 et
601 2168 716 2249 agitari
739 2172 882 2248 possent.

118 2360 172 2427 De
193 2359 355 2444 religiosis
376 2359 546 2424 molieram
564 2359 711 2439 familiis,
732 2358 919 2441 puellarum
942 2358 1125 2425 educationi
1149 2367 1177 2424 61

368 2465 516 2546 operibras
538 2464 709 2530 eharitatis
731 2464 929 2532 uocantibus.

174 2603 370 2688 Longissime
386 2606 478 2671 abest
499 2610 536 2669 ut
557 2604 775 2687 religiosarum
789 2604 956 2670 mulierum
975 2623 1133 2687 numerus,
1149 2623 1230 2687 quae

59 2695 243 2780 juventutis
266 2693 456 2774 educationi,
487 2690 681 2758 infirmorum
704 2693 879 2757 visitationi
906 2697 1065 2774 othurae,
1098 2694 1229 2775 aliisque

66 2782 217 2866 operibus
240 2782 482 2861 misericordiae,
513 2786 581 2845 tum
612 2781 644 2846 in
667 2781 806 2859 urbibus,
839 2784 907 2845 tum
929 2781 960 2845 in
992 2780 1152 2847 ruralibus
1174 2799 1230 2863 pa-

66 2871 190 2949 roeciis,
213 2875 338 2950 vacant,
362 2867 521 2935 sufficiens
544 2869 596 2935 sit.
638 2868 847 2946 Quantnmvis
869 2869 969 2950 igitur
990 2869 1084 2953 hujus
1107 2868 1231 2952 generis

66 2959 226 3038 instituta,
258 2956 317 3023 hoc
339 2958 528 3039 praesertim
551 2955 688 3036 saeculo,
719 2955 933 3037 multiplicata
951 2957 1022 3037 sint,
1050 2958 1139 3022 novis
1162 2957 1232 3022 lun·

68 3046 264 3125 dationibus,
302 3046 419 3111 nedum
456 3045 686 3124 obsistendum,
732 3043 900 3111 favendum
940 3049 1083 3127 econtra,
1121 3046 1231 3127 positis

67 3133 234 3222 ponendis,
261 3132 395 3199 videtur.

177 3220 287 3303 Neque
317 3220 382 3287 ullo
413 3220 506 3285 modo
540 3220 617 3285 satis
646 3219 747 3301 liquet
781 3219 892 3284 melius
925 3218 1007 3299 iore,
1038 3225 1075 3284 ut
1105 3221 1231 3301 quidam

67 3309 204 3391 vellent,
238 3311 265 3374 si
299 3309 400 3374 omnis
433 3308 489 3374 illa
523 3308 745 3372 Institutorum
779 3308 931 3388 varietas,
966 3308 1103 3389 quadam
1134 3308 1233 3373 veluti

66 3397 202 3476 fusione,
226 3397 266 3462 ad
281 3403 349 3462 1163
364 3403 421 3462 ant
436 3401 573 3478 quatuor
588 3396 722 3478 majores
738 3396 1000 3479 congregationes
1016 3397 1231 3464 reduceretur.

67 3485 257 3552 Timendum
281 3487 397 3566 qnippe
413 3491 506 3564 esset,
530 3503 569 3548 ne
592 3485 637 3548 sic
659 3490 726 3548 tam
753 3489 865 3549 sancta
886 3483 942 3548 illa
959 3489 992 3548 et
1014 3489 1124 3549 tantae
1147 3484 1232 3549 utili·

67 3575 147 3641 tatis
169 3591 221 3638 res
235 3570 377 3639 funditus
393 3573 648 3655 perturbaretur3
671 3591 711 3637 ne
726 3572 928 3637 vocationum
947 3573 1037 3653 copia
1053 3571 1232 3637 notabiliter

68 3661 313 3740 diminueretur3
337 3662 399 3727 imo
423 3679 462 3724 ne
477 3660 679 3726 observantia
701 3665 734 3724 et
755 3658 859 3724 fervor
875 3666 964 3724 tanto
989 3657 1144 3724 difficihus
1160 3679 1232 3741 per-

11 3789 18 3796 ·
67 3751 231 3828 sisterent,
262 3766 325 3829 qno
355 3747 489 3827 facilius,
518 3749 551 3814 in
580 3748 842 3812 numerosissimis
874 3748 1054 3830 hujusmodi
1084 3753 1117 3813 et
1138 3747 1231 3812 valde

68 3837 211 3904 extensis
245 3834 564 3919 CongregationibuS,
600 3842 632 3901 et
664 3836 829 3917 vigilantia
865 3836 1064 3916 superiorum
1098 3831 1232 3900 deficere

68 3929 187 4012 potest,
211 3929 244 3989 61
266 3941 381 3989 nervus
405 3924 588 4007 disciplinae
609 3924 823 4007 languescere.

175 4011 247 4077 Non
268 4030 344 4094 ergo
366 4009 423 4077 fiat
437 4012 618 4095 hujusmodi
640 4009 738 4090 iusi03
761 4030 863 4094 neque
886 4013 1027 4077 severius
1042 4029 1140 4076 novae
1164 4010 1232 4076 lun·

63 4099 216 4166 dationes
247 4099 464 4168 cohibeantur.
516 4099 688 4166 Admoneri
717 4099 854 4165 sufficiat
883 4101 1056 4181 Episcopus
1086 4103 1122 4163 ut
1143 4099 1233 4164 noris

67 4186 305 4254 mndntionibus
339 4189 511 4269 prudenter
532 4187 705 4270 invigilent,
735 4205 789 4252 eas
812 4205 875 4252 non
898 4188 1084 4268 concessuri,
1107 4187 1232 4268 quando

66 4275 122 4341 vel
143 4275 285 4358 inutiles,
317 4277 367 4341 vel
399 4294 455 4358 spe
484 4294 648 4348 successus
681 4276 856 4341 destitutae
881 4274 1089 4340 ridebuntur:
1122 4279 1233 4340 curent

69 4365 169 4431 etiam
190 4364 363 4430 uorihatus
385 4365 446 4430 rite
469 4365 593 4431 institui
608 4370 641 4430 et
662 4363 772 4446 dirigi,
794 4380 1023 4444 necunquam,
1048 4363 1107 4429 snb
1122 4364 1233 4446 quovis

1079 4466 1127 4522 10*
