2872 4874
561 122 601 169 nr
623 122 806 171 orscmuma.
1212 109 1270 169 127

216 261 362 343 Episcopi
384 266 502 341 sutem,
532 263 587 343 qui
610 262 687 327 nulli
709 261 954 344 Arsbiepissopo
979 261 1208 344 subjiciuntur,
1240 268 1273 328 at

137 350 249 417 lbbstm
269 366 345 413 vere
367 349 493 427 nullius,
522 349 600 415 item
623 349 862 431 Archiepiscopi
888 347 1104 431 Sulirsgaueis
1125 355 1272 417 carentes

88 503 91 509 ,
137 437 245 519 siquem
266 436 405 501 vicinum
420 436 710 519 Metropolitanum,
734 438 795 502 nisi
806 440 875 520 jam
896 436 978 502 forte
994 437 1157 517 elegerint,
1174 438 1272 504 semel

139 525 239 607 eligmt,
261 525 297 589 in
318 526 410 606 cujus
426 523 552 606 Synodo
567 525 751 605 provinciali
774 544 846 590 sum
869 524 940 590 aliis
954 525 1111 605 intersint,
1135 531 1167 591 et
1189 544 1272 606 quse

138 613 165 677 ibi
182 612 323 679 ordinata
345 611 463 677 fuerint
484 612 653 677 observent
675 630 712 676 sc
735 615 899 678 observari
921 611 1049 678 iaciant.

214 700 258 767 Ut
280 717 357 765 vero
384 718 467 780 quae
489 701 610 766 sancita
637 701 768 765 suntin
791 717 884 765 usum
918 699 1042 766 facilius
1065 700 1272 779 deducantur,

135 787 240 853 etmala
261 806 345 869 quse
360 789 484 853 interim
507 790 617 852 innato
637 787 755 852 fuerint
769 790 979 867 innotescant,
994 788 1095 853 veteri
1110 786 1272 854 Ecclesiae

135 876 330 941 onmetudini
352 874 563 954 inhaerentes,
588 875 759 940 Decretum
783 873 915 942 Consilii
938 875 1164 941 Lateraneusis
1187 876 1272 961 1V21)

132 962 329 1029 confirmemus
363 971 397 1029 et
429 965 631 1040 innovamus,
668 982 730 1045 quo
754 963 887 1029 idoneae
918 964 958 1028 de
989 962 1081 1028 Clero
1110 982 1272 1045 personae,

133 1051 275 1133 puritate,
306 1050 488 1132 pmdeutia,
516 1051 652 1132 pietate,
681 1069 718 1115 ac
747 1051 815 1116 zelo
850 1051 1025 1116 secuudum
1047 1051 1150 1116 Deum
1181 1069 1274 1133 prse-

132 1144 229 1203 stsntes
252 1139 287 1203 in
309 1138 442 1220 singulis
465 1137 670 1204 Dioesesibus
698 1137 844 1218 deputari
863 1139 1026 1220 jubentur,
1050 1157 1131 1219 quse
1155 1139 1273 1221 simpli-

133 1225 189 1291 citer
209 1245 247 1292 ac
269 1227 310 1291 de
333 1225 427 1307 pleno
449 1228 569 1307 absque
592 1226 658 1290 ulla
677 1225 899 1305 jurisdictione
922 1227 1056 1292 sollicite
1080 1245 1117 1291 as
1141 1228 1275 1292 circum·

131 1320 217 1394 specte
240 1314 415 1396 explorent,
448 1332 489 1379 en
511 1315 730 1396 praecedentis
754 1313 885 1379 Consilii
913 1314 1114 1395 provincialis
1137 1315 1274 1380 Decreta

133 1400 254 1483 religiose
279 1408 456 1479 serventur,
486 1419 523 1466 as
546 1401 640 1465 simul
663 1402 856 1483 investigent
885 1420 967 1481 quse
989 1403 1195 1480 correctione,
1224 1403 1274 1468 vel

135 1487 334 1554 reformatione
357 1489 506 1568 indigent,
532 1507 632 1571 eaque
655 1488 792 1554 fideliter
815 1489 1079 1572 Metropolitenis,
1103 1496 1135 1552 et
1157 1488 1275 1555 Suffra-

136 1578 226 1657 meis,
249 1575 385 1657 aliisque
407 1576 439 1639 in
456 1575 595 1642 Concilio
619 1578 824 1658 subsequenti
841 1575 1025 1659 significent,
1050 1584 1086 1641 ut
1105 1595 1202 1659 super
1224 1578 1274 1643 his

138 1665 240 1743 pmrids
263 1665 493 1729 deliberatione
516 1664 710 1729 consulatur.

211 1751 349 1833 Insuper
377 1754 471 1834 juxta
503 1751 675 1816 Decretum
706 1752 837 1817 Petrum
868 1752 1122 1817 Tridentinorum
1135 1752 1161 1834 ²)
1186 1770 1273 1815 man-

145 1835 218 1904 dnus
241 1839 411 1922 Episcopis
427 1841 581 1917 omnibus
607 1847 639 1904 et
661 1840 741 1918 aliis,
765 1841 820 1922 qui
835 1840 959 1920 dejure
982 1838 1031 1903 vel
1046 1839 1275 1904 consuetudine

144 1922 291 2010 ldynodo
308 1927 493 2009 provinciali
507 1928 662 1993 interesse
685 1928 811 2006 debent,
835 1936 933 2009 atque
948 1929 1036 1993 enixe
1050 1927 1274 2008 praecipimus,

143 2012 200 2079 sin
233 2015 308 2097 ipsa
336 2015 440 2095 prims
471 2014 597 2097 Synodo
631 2014 815 2095 provinciali
849 2023 922 2098 post
949 2017 1067 2080 exitum
1098 2015 1273 2096 praesentis

140 2103 303 2169 tscumenici
331 2100 464 2168 Consilii
493 2102 653 2179 habenda,
688 2104 795 2167 omnis
817 2111 850 2168 et
882 2102 1007 2185 singula
1029 2104 1062 2167 iu
1085 2101 1196 2167 eodem
1220 2101 1273 2166 de·
1305 2132 1309 2139 ·

138 2180 201 2255 his
221 2209 261 2255 ac
292 2193 416 2255 statuta
447 2189 552 2272 palam
576 2190 745 2272 recipient,
779 2209 900 2257 necnon
931 2209 1038 2256 veram
1062 2189 1273 2255 obedientiam

136 2268 251 2344 dommo
283 2277 430 2344 Pontifici
463 2279 641 2359 spondeant
669 2283 702 2342 et
736 2276 957 2360 profiteantur,
995 2297 1119 2360 unaque
1153 2279 1275 2359 pariter
1368 2295 1371 2299 ·

136 2376 219 2431 onnes
242 2364 408 2444 haereses,
439 2384 477 2431 ac
499 2366 685 2447 praesertim
709 2367 739 2430 in
763 2367 823 2432 hos
845 2368 1000 2432 Vaticano
1024 2364 1164 2432 Concilio
1186 2364 1274 2429 dam-

134 2455 211 2531 btss,
235 2450 363 2535 publice
394 2454 591 2519 detestentur
613 2461 646 2517 et
668 2454 945 2521 anathematizent.
991 2454 1142 2536 Idemque
1164 2454 1197 2517 iu
1219 2470 1274 2534 po-

133 2542 231 2605 osmm
254 2541 433 2623 quicunque
457 2541 490 2604 iu
513 2541 725 2620 PatriarchaS,
759 2542 924 2624 PrimsteS,
948 2542 1218 2623 Archiepiscopos,
1242 2545 1275 2605 et

134 2618 282 2721 lpbcopos
303 2629 518 2710 promovendi,
542 2629 575 2693 in
597 2630 700 2710 prima
714 2629 840 2712 Synsdo
855 2629 1050 2711 provinciali,
1074 2631 1107 2693 in
1131 2647 1193 2711 qus
1216 2629 1275 2710 ipsi

133 2714 320 2796 nemerim,
346 2717 472 2783 omnino
497 2718 676 2782 observent.
721 2792 724 2797 ¹

214 2803 390 2885 Postquam
424 2811 531 2871 sutem
566 2804 770 2884 provincialia
804 2802 943 2870 Consilia
982 2804 1110 2868 dimissa
1148 2803 1275 2883 fuerint,

134 2878 352 2973 lletropolitani
367 2893 473 2957 omnia
488 2911 597 2959 eorum
613 2902 685 2957 acts
708 2897 740 2955 et
756 2894 884 2958 decreta
906 2890 939 2956 S.
958 2891 1031 2956 Sedi
1046 2892 1275 2971 transmittant,

133 2986 212 3072 lisque
234 2978 348 3045 eadem
371 2985 448 3045 ante
463 2980 635 3061 publicent,
661 2998 756 3060 quem
779 2979 817 3044 de
842 2999 929 3045 more
945 2997 1082 3062 expensa
1105 2998 1143 3044 as
1166 2997 1277 3061 recog-

132 3062 182 3127 uu
200 3067 387 3148 receperint.

584 3275 721 3341 CAPUT
745 3277 797 3340 vl.

468 3417 520 3482 De
542 3416 683 3500 Spsodcs
706 3417 923 3482 Dioececooc's.

88 3596 90 3601 ,
214 3556 327 3623 Veteri
361 3557 483 3638 pariter
516 3575 678 3623 sacrorum
718 3556 882 3622 Canonum
917 3560 1080 3624 sanctione
1115 3557 1277 3638 sapienter

133 3643 269 3732 pmvisum
298 3648 364 3724 est,
399 3650 434 3708 ut
456 3644 605 3726 Episcopi
635 3646 668 3708 iu
691 3663 748 3710 suo
775 3647 908 3726 quisque
947 3647 1091 3711 Dioecesi
1114 3644 1275 3727 Synodum

133 3726 302 3815 ubernent)
338 3731 386 3798 Ibi
408 3733 491 3796 enim
514 3739 641 3814 oportet
657 3731 789 3797 Consilii
811 3733 1011 3815 provincialis
1029 3739 1149 3798 statuta
1173 3732 1276 3812 publi·

132 3876 322 3902 χ*-

213 3996 234 4100 ζ)
254 3993 323 4061 Cap.
343 3992 419 4047 Siout
438 3994 504 4047 olim
523 3995 567 4047 25.
587 3992 628 4046 De
647 3995 777 4050 Accusat.

204 4072 235 4205 ’δὲ
253 4063 574 4188 {giiseztbntfficphfan‘riri
591 4063 654 4190 fflf
671 4149 731 4201 sap.
750 4136 792 4187 20.
815 4132 896 4191 Cone.
915 4133 1043 4187 Lateran.
1062 4132 1111 4189 IV.
1129 4146 1189 4200 cap.
1208 4137 1232 4186 6.
