2872 4874
333 338 372 383 nn
394 336 493 383 nunus
514 337 573 385 mr.
598 337 718 385 onmur.
741 338 778 384 sr
799 337 930 386 mssrou.
1160 329 1220 388 251

116 496 129 541 e
161 475 340 543 Ecclesiam
371 476 568 542 Jesuitarum
600 482 632 541 et
663 476 709 540 ibi
741 476 891 556 confiteri,
927 484 959 543 et
990 498 1056 544 non
1089 480 1224 546 inveniri

116 565 321 630 »adimantum
343 564 444 628 ullum
466 564 508 628 ad
522 563 771 629 contrahendum
786 567 1028 631 matrimonium.
1061 568 1223 634 Parochus

116 671 134 716 n
158 653 285 717 innixus
307 653 363 716 isti
384 653 516 717 Patrum
544 653 723 717 testimonio
752 654 879 734 nuptias
901 654 1070 734 benedixit,
1095 662 1223 737 etpost

116 745 198 804 ‚tuor
222 741 289 806 dies
311 758 331 805 a
354 741 623 805 consummatione
645 741 846 820 matrimonii,
869 743 930 806 iste
948 744 1074 824 juvenis
1096 744 1224 825 reliquit

116 846 210 892 nsam
233 846 321 894 suam
344 836 379 893 et
406 829 491 909 apud
513 829 653 893 Graecos
682 829 790 907 rediit,
824 847 860 894 se
881 847 1036 895 excusans
1057 832 1141 912 quod
1163 831 1224 897 hoc

116 919 192 982 isset
216 917 289 980 dum
312 923 383 981 erat
397 917 502 980 ebrius
518 935 588 980 cnm
605 917 764 981 contraxit
776 919 1009 983 matrimonium
1031 937 1101 983 cum
1117 919 1224 1001 puella

116 1005 221 1069 nonita
242 1023 349 1069 coram
372 1004 513 1069 Parocho
540 1003 713 1082 Maronitn,
745 1005 912 1070 declarans
938 1012 1050 1085 aperte
1081 1025 1116 1071 se
1139 1007 1223 1072 nolle

116 1111 130 1158 s
154 1110 346 1172 cognoscere
369 1110 517 1173 sponsam
548 1110 647 1170 suam,
682 1099 716 1156 et
738 1092 884 1175 deinceps
916 1093 995 1160 haec
1017 1095 1160 1175 quaestio
1184 1113 1222 1160 eo

116 1181 198 1259 enit,
222 1188 259 1244 ut
280 1187 313 1246 et
327 1181 431 1262 ipsum
448 1179 643 1245 Gubernium
666 1179 757 1244 civile
776 1180 913 1246 voluerit
928 1200 1056 1248 causam
1079 1182 1224 1264 legaliter

116 1273 205 1333 ctare
230 1273 262 1332 et
283 1275 444 1348 postremo
459 1267 612 1349 obligavit
630 1267 778 1348 iuuenem
798 1269 839 1332 ad
862 1271 1126 1335 sustentationem
1148 1289 1224 1336 suae

118 1374 214 1436 usae,
246 1364 280 1420 et
310 1375 373 1420 non
401 1357 442 1420 ad
473 1355 742 1420 cohabitationem
772 1373 843 1419 cum
873 1357 955 1437 ipsa,
987 1365 1020 1423 et
1041 1377 1125 1423 nunc
1152 1377 1223 1422 cum

116 1462 209 1508 ossus
233 1450 283 1508 est
298 1462 316 1508 e
331 1462 459 1509 carcere
474 1443 588 1509 Graeci
605 1443 804 1509 schismatici
820 1443 1023 1516 declararunt
1045 1446 1244 1512 nouitatem·

116 1533 255 1596 trimonii
278 1539 310 1596 et
325 1537 494 1597 suaserunt
512 1533 622 1613 juveni
644 1531 690 1595 illi
705 1531 747 1595 ad
762 1530 918 1596 secundas
932 1534 1062 1614 nuptias
1077 1536 1225 1615 transire,

118 1620 164 1684 sic
187 1620 289 1698 prima
312 1637 371 1684 sua
394 1638 511 1700 sponsa
534 1619 686 1684 denehcta
708 1619 889 1700 permansit.

167 1706 279 1772 Nonne
308 1707 368 1772 hoc
400 1707 440 1771 ab
470 1708 682 1787 imprudentia
708 1713 741 1771 et
768 1707 997 1787 inexperientia
1026 1707 1223 1774 Jesuitarum

116 1794 186 1858 nit?

170 1888 198 1946 1.
222 1881 364 1947 Jesuitae
386 1887 500 1946 vocant
515 1883 557 1947 ad
579 1901 613 1947 se
629 1883 811 1947 sacerdotes
827 1881 1004 1947 Maronitas
1028 1885 1068 1947 ab
1085 1885 1224 1949 externis

116 1971 259 2035 ecesibus
283 1971 324 2035 ad
353 1972 581 2035 convivendum
611 1970 795 2050 secumipsis
823 1971 891 2034 sine
922 1971 1050 2050 praevia
1071 1970 1223 2037 facultate

116 2058 231 2129 linarii.
255 2065 288 2123 et
310 2060 362 2123 isti
378 2058 560 2123 sacerdotes
580 2059 718 2123 evadunt
733 2057 850 2123 subditi
872 2057 997 2123 illorum
1019 2059 1066 2122 ita
1087 2065 1124 2123 ut
1144 2060 1222 2139 ipsis

116 2146 240 2210 rcedant
262 2144 447 2211 facultatem
464 2146 676 2212 confessiones
698 2144 846 2210 audiendi
869 2153 902 2210 et
925 2147 988 2211 alia
1011 2147 1106 2210 etiam
1130 2147 1222 2228 spiri·

116 2233 164 2297 lia
187 2235 336 2298 exerdtia
352 2233 485 2298 iaciendi
499 2234 678 2299 inconsulto
694 2233 872 2310 Ordinario,
896 2243 929 2298 et
951 2235 1005 2298 isti
1021 2235 1114 2298 ctiam
1139 2236 1226 2300 sicut

117 2322 204 2386 uitae
226 2328 417 2402 percurrunt
445 2323 553 2387 domos
577 2320 717 2386 fidelium
745 2322 839 2386 sicuti
861 2321 981 2385 faciunt
1007 2321 1132 2385 illorum
1153 2340 1222 2386 ma-

116 2410 154 2472 tri
176 2410 326 2488 Jesuitae,
351 2419 384 2474 et
407 2410 517 2474 exinde
540 2409 627 2475 haud
649 2428 782 2492 parvum
804 2409 945 2474 exoritur
968 2408 1165 2489 scandalum
1190 2416 1224 2475 et

116 2516 141 2561 rc
165 2498 281 2577 agendi
296 2499 378 2562 ratio
401 2498 526 2562 videtur
541 2500 669 2564 minime
690 2516 782 2579 posse
797 2499 961 2563 convenire
984 2496 1039 2561 fini
1053 2497 1222 2575 missionis,

116 2602 143 2648 ie
166 2586 314 2650 instituta
329 2585 388 2650 luit
410 2585 451 2650 ad
466 2586 609 2652 levamen
624 2593 659 2652 in
676 2585 838 2651 laboribus
853 2586 1066 2651 Parochorum
1082 2594 1115 2650 et
1131 2584 1223 2666 Epis-

116 2690 222 2750 torum,
247 2680 280 2736 et
302 2692 365 2738 non
379 2674 422 2738 ad
438 2675 652 2755 arripiendum
672 2676 747 2756 jura
762 2674 888 2739 illorum
910 2678 943 2738 et
961 2674 1222 2755 jnrisdictionem,

116 2761 208 2823 >niam
233 2779 310 2840 grex
332 2763 393 2825 iste
415 2762 462 2825 ita
484 2780 541 2826 suo
562 2763 655 2826 libitu
686 2761 828 2839 relictus,
863 2761 980 2826 clausis
1002 2762 1131 2826 auribus
1154 2763 1227 2826 uoci

134 2846 269 2929 legitimi
291 2851 443 2930 pastoris,
468 2867 538 2914 sese
561 2850 720 2931 immergit
741 2851 774 2913 in
798 2849 941 2929 pluribus
964 2850 1222 2930 extravagantiis,

116 2936 157 2999 uti
172 2954 283 2999 revera
299 2938 440 3001 videmus
456 2937 609 3002 accidisse
631 2938 664 3000 in
680 2936 759 3001 urbe
773 2935 889 3012 Beriti,
913 2937 987 3016 quia
1002 2943 1168 3017 magnates
1190 2943 1224 3002 et

116 3024 196 3088 iores
219 3025 336 3104 populi,
360 3024 473 3089 relicta
494 3025 625 3106 propria
646 3023 800 3089 nationali
822 3034 856 3088 et
870 3022 1047 3088 Parochiah
1066 3023 1228 3104 Ecclesia,

116 3120 303 3191 queritantes
333 3130 458 3193 semper
487 3111 663 3176 Ecclesiam
693 3111 902 3188 Jesuitarum,
935 3110 1059 3175 illorum
1090 3111 1225 3191 legitimi

116 3200 241 3263 leniores
265 3219 328 3265 non
343 3206 477 3282 possunt
496 3202 563 3282 jam
579 3217 768 3280 cognoscere
790 3217 900 3263 verum
915 3198 1041 3264 illorum
1056 3205 1175 3263 statum
1191 3201 1227 3265 in

116 3287 289 3366 ritualibus,
315 3307 371 3353 nec
390 3289 456 3370 jam
481 3293 614 3370 possunt
641 3305 828 3367 cognoscere
850 3293 957 3351 utrum
980 3287 1226 3369 adimpleverint

116 3382 266 3455 ¹eceptum
281 3375 435 3441 Paschale
455 3394 563 3454 necne,
586 3382 620 3440 et
641 3393 797 3457 quaenam
818 3375 959 3439 remedia
975 3372 1137 3439 afferenda
1160 3377 1223 3439 sint

115 3461 153 3526 lis
184 3480 266 3542 quae
307 3464 458 3545 pleraque
496 3464 679 3528 exoriuntur
708 3481 728 3527 a
759 3462 1049 3543 derelinquentibus
1079 3463 1224 3543 proprias

117 3551 239 3616 ionales
255 3550 414 3617 Ecclesias
437 3556 471 3616 et
493 3570 528 3616 se
544 3550 804 3617 subtrahentibus
827 3550 868 3615 ab
888 3550 1080 3616 auctoritate
1094 3566 1223 3614 suorum

116 3640 277 3718 tenorum,
312 3646 405 3704 etex
434 3639 495 3704 hac
517 3638 710 3719 disciplinari
742 3638 962 3706 deturbatione
991 3642 1126 3717 sequuta
1148 3641 1223 3700 sunt

136 3728 272 3791 maxima
288 3728 477 3792 detrimenta
492 3726 582 3792 bonis
599 3726 759 3791 Ecclesiae
782 3732 815 3790 et
838 3723 997 3790 beneficiis
1020 3725 1221 3804 clericornm3

116 3813 210 3877 ›niam
241 3820 283 3879 20
313 3814 427 3880 abhinc
461 3817 550 3879 annis
581 3814 812 3879 Maronitarum
844 3830 995 3877 numems
1031 3810 1224 3877 ascendebat

115 3902 161 3964 riti
183 3903 225 3965 ad
248 3903 311 3967 tria
329 3907 412 3967 1000
435 3908 467 3967 et
490 3903 659 3983 quotannis
674 3901 792 3966 dabant
808 3900 970 3966 Ecclesiae
986 3905 1071 3964 3000
1085 3899 1223 3980 franchi

120 3989 239 4054 dabant
269 3990 454 4055 beneficium
478 3992 544 4056 auis
574 3990 791 4055 sacerdotibus
822 4007 951 4053 numero
985 3993 1003 4052 6
1037 3988 1071 4052 in
1100 3992 1223 4051 susten-

116 4077 214 4141 ionem
242 4084 325 4144 1000
346 4078 485 4158 franchi.
526 4077 618 4143 Nunc
640 4096 658 4142 e
681 4082 792 4143 contra
818 4092 969 4141 numerus
992 4074 1221 4139 Maronitarum

116 4166 162 4228 00
185 4166 326 4230 ascendit
361 4167 401 4230 ad
428 4169 545 4244 15,000
579 4171 612 4230 et
644 4183 793 4229 numerus
827 4160 1026 4229 sacerdotum
1050 4163 1091 4226 ad
1116 4167 1166 4240 12,
1190 4169 1224 4226 et

116 4270 145 4316 ro
169 4252 247 4317 dant
269 4254 303 4316 in
333 4251 520 4317 beneficium
542 4251 705 4319 Ecclesiae
736 4257 820 4317 1000
848 4250 979 4332 franchi
1008 4255 1044 4314 et
1072 4251 1106 4314 in
1127 4250 1223 4314 bene·

116 4357 167 4404 um
191 4341 391 4406 sacerdotum
410 4346 493 4405 1300
506 4341 655 4422 froncbc'3
679 4346 712 4406 et
733 4357 773 4404 ex
788 4339 837 4403 his
854 4343 987 4419 apparet
1010 4338 1104 4418 clare,
1128 4355 1224 4419 quae·
