2872 4874
455 321 493 367 nc
517 320 659 368 ncenasm
685 320 812 368 cnarsrr.
1174 311 1216 370 45

50 465 126 544 jura,
161 479 246 542 quae
269 459 411 525 Ecclesia
432 478 579 525 exercere
607 465 702 541 atque
724 461 851 540 integre
877 477 1004 525 servare
1028 479 1091 526 non
1114 463 1216 528 solum

52 554 150 630 potest
173 549 346 613 sedetiam
368 547 472 626 debet,
497 549 573 629 quia
592 548 686 611 simul
709 566 779 611 cum
801 546 913 613 officiis
930 548 1109 628 cohaerent,
1133 569 1216 632 quae

54 639 107 718 ipsi
137 656 159 700 a
189 636 298 701 divino
326 654 385 702 suo
416 635 584 701 fundatore
620 635 763 715 injuncte
796 642 869 699 sunt
903 637 944 700 ad
975 635 1110 701 salutem
1149 641 1217 703 arri-

56 743 182 790 marum.

152 811 349 893 Huiusmodi
377 810 463 876 bella
492 811 698 892 iniquissima,
732 810 787 891 qui
816 810 926 875 volunt
957 830 1026 876 esse
1049 811 1216 878 Ecclesiae

57 899 111 980 lilii,
142 899 244 964 matri
266 916 345 964 suae
376 917 538 980 nunquam
561 897 723 976 inferrent,
759 900 785 962 si
809 899 1033 978 imperantium
1062 908 1095 964 et
1117 919 1216 982 popu-

57 989 146 1054 hmm
170 988 335 1052 mentibus
357 992 541 1053 constanter
564 987 787 1052 obversaretur
816 987 934 1051 veritas
958 1006 977 1051 a
1001 985 1128 1053 Christo
1151 990 1215 1054 Do-

58 1078 129 1141 mino
153 1074 367 1140 severissimis
389 1076 496 1140 verbis
519 1074 685 1152 inculcata,
710 1073 787 1138 nihil
810 1074 960 1155 prodesse
983 1074 1102 1141 homini
1125 1095 1215 1141 mun·

58 1165 118 1229 dum
140 1164 330 1228 universum
343 1161 470 1242 lucrari,
495 1164 522 1227 si
544 1163 669 1226 animae
691 1180 768 1227 suae
784 1161 1010 1227 detrimentum
1032 1165 1215 1248 patiatur,¹)

57 1257 138 1334 amne
168 1252 253 1316 adeo
277 1269 375 1331 supra
405 1250 494 1315 illam
520 1249 704 1315 felicitatem
731 1251 815 1314 vitae
846 1249 1011 1321 humanae,
1051 1251 1092 1314 ad
1122 1269 1215 1332 quam

57 1340 143 1405 civilis
176 1343 324 1421 potestas
351 1356 408 1419 per
438 1357 473 1404 se
502 1339 678 1415 ordinatur,
713 1356 782 1402 esse
815 1335 908 1403 finem
944 1337 1157 1404 sublimiorem
1185 1345 1217 1404 et

55 1429 134 1493 unica
157 1427 379 1493 necessarium
401 1426 606 1492 beatitudinis
631 1433 786 1503 setaniae,
809 1425 968 1507 adquam
991 1425 1135 1492 homines
1158 1446 1217 1508 per

55 1515 224 1581 Ecclesiam
260 1520 336 1580 sunt
368 1514 557 1583 deducendi:
598 1515 730 1594 ideoque
766 1513 875 1578 habita
910 1514 961 1579 vel
995 1514 1064 1578 sola
1094 1515 1216 1580 ratione

54 1602 123 1683 fin'u,
140 1603 198 1684 qui
222 1604 351 1684 utrique
372 1603 604 1684 praestituitur,
629 1601 824 1681 reipublicae
849 1601 931 1665 civili
948 1600 1124 1666 Ecclesiam
1138 1602 1216 1668 Jesu

53 1689 162 1756 Christi
186 1695 317 1756 tantum
339 1689 541 1772 praecellere,
576 1696 731 1770 quantum
754 1689 849 1771 hujus
883 1691 968 1753 vitae
990 1691 1155 1755 commoda
1178 1709 1217 1756 ac

54 1780 124 1844 bona
148 1784 287 1861 superat
310 1778 397 1844 salus
428 1780 606 1843 animarum
628 1796 691 1843 non
714 1794 793 1841 auro
816 1776 866 1840 vel
889 1785 1032 1858 argento,
1064 1779 1121 1843 sed
1144 1797 1215 1860 pre·

56 1868 124 1933 tioso
145 1867 309 1947 sanguine
325 1864 444 1931 Christi
466 1867 711 1947 redemptarum,
736 1872 769 1929 et
791 1866 874 1928 vitae
897 1871 1047 1929 aeternae
1071 1865 1213 1932 felicitas.

148 1954 307 2032 Quamvis
322 1953 420 2034 igitur
434 1953 533 2018 civilis
557 1954 718 2019 societatis
735 1953 898 2033 dispositio
915 1971 972 2033 per
988 1970 1022 2017 se
1047 1958 1079 2018 et
1096 1954 1216 2019 directe

62 2059 111 2105 mn
126 2043 170 2107 ad
194 2041 475 2122 supernaturalem
497 2040 689 2121 felicitatem,
714 2041 771 2106 sed
788 2042 830 2104 ad
853 2040 1025 2121 temporale
1041 2043 1214 2105 communi·

68 2129 267 2195 fresonum
289 2130 458 2209 pertineat,
482 2128 663 2194 christianis
687 2138 792 2194 tamen
808 2129 986 2193 hominibus
1009 2146 1072 2191 non
1096 2129 1129 2193 in
1153 2128 1215 2194 hoc

65 2215 249 2283 solummodo
272 2217 449 2281 sistendum
472 2223 539 2293 est3
562 2218 619 2281 sed
641 2218 821 2297 postulatur
845 2216 885 2280 ab
909 2217 963 2294 eis,
989 2221 1024 2279 nt
1047 2215 1215 2296 temporali

60 2303 127 2371 bono
148 2302 338 2388 praeferant
360 2305 597 2387 sempiternum,
620 2313 716 2386 atque
732 2307 804 2370 ideo
826 2321 888 2368 non
914 2305 1015 2368 minus
1033 2303 1064 2367 in
1081 2303 1215 2384 publicis

57 2393 149 2473 rebus,
165 2411 266 2474 quam
282 2393 414 2474 privatis
429 2393 573 2474 negotiis
590 2392 685 2458 finem
700 2393 879 2458 inferiorem
895 2410 958 2457 rron
973 2392 1018 2456 ita
1033 2392 1214 2472 respiciant,

57 2486 88 2543 ut
104 2480 200 2546 finem
229 2480 366 2545 hominis
388 2480 535 2545 ultimum
557 2486 591 2545 et
613 2481 825 2546 necessarium
849 2480 890 2544 ab
913 2480 1012 2544 oculis
1036 2479 1213 2559 dimittant,

57 2567 131 2632 unde
153 2569 182 2633 si
204 2567 334 2649 quando
364 2568 531 2633 videantur
559 2568 650 2633 utilia
680 2587 780 2650 regno
808 2567 985 2649 temporali,
1021 2585 1102 2648 quoe
1124 2568 1215 2633 bonis

55 2655 282 2721 sublimioribus
306 2654 468 2720 Ecclesiae
497 2662 530 2720 et
560 2662 709 2721 aeternae
733 2655 829 2721 saluti
860 2660 1046 2738 repugnent,
1076 2674 1113 2721 ea
1135 2674 1215 2720 nun-

56 2761 145 2823 quam
158 2743 325 2809 habebunt
341 2762 399 2824 pro
422 2745 505 2809 veris
522 2745 622 2822 boniS,
647 2745 703 2808 sed
726 2745 848 2809 sincere
865 2744 1015 2824 consequi
1030 2744 1214 2822 studebunt,

55 2831 133 2910 quod
154 2832 264 2897 aiebat
286 2849 419 2912 magnus
435 2831 488 2896 ille
505 2829 687 2913 Gregorius,
711 2837 747 2896 ut
762 2837 913 2896 terrestre
937 2849 1068 2911 regnum
1085 2831 1215 2897 coelesti

56 2935 145 2998 regno
167 2918 349 2984 famuletur.

511 3142 647 3210 CAPUT
671 3143 754 3209 XIV.

141 3284 192 3350 Dc
210 3287 288 3368 jure
311 3289 341 3349 ct
363 3304 425 3350 ceu
442 3285 614 3365 potestatis
635 3283 742 3349 cicilia
764 3283 936 3349 secandam
957 3282 1121 3349 Ecclesiae

444 3390 615 3455 catholicae
639 3390 828 3454 doctricem.

152 3529 269 3612 Spreta
291 3528 455 3595 Ecclesiae
480 3530 652 3596 catholicae
676 3529 821 3594 doctrina
844 3534 877 3593 et
900 3529 1098 3608 auctoritate,
1132 3530 1214 3610 ejus·

55 3633 108 3696 oue
130 3618 215 3683 circa
237 3616 408 3682 humanam
432 3620 617 3684 societatem
642 3619 767 3699 juribus
790 3616 992 3695 conculcatis,
1025 3618 1214 3683 subintroie-

55 3709 121 3769 runt
154 3707 275 3772 nostris
308 3708 502 3788 temporibus
536 3707 684 3788 magistri
717 3706 893 3783 mendacm,
930 3706 984 3786 qui
1016 3722 1078 3769 non
1111 3705 1215 3770 solum

55 3791 221 3873 Ecclesiae,
257 3793 433 3859 sedetiam
466 3797 566 3859 omnis
589 3795 718 3858 humani
748 3794 898 3858 consortii
921 3793 1038 3875 hostes,
1074 3793 1214 3858 domina-

52 3880 164 3946 tionem
188 3887 407 3961 contemnunt,
421 3884 449 3967 ²)
472 3883 518 3947 ita
540 3889 576 3947 ut
599 3882 687 3947 nulla
709 3881 789 3962 lege,
819 3881 879 3945 nisi
901 3899 995 3961 quam
1018 3881 1078 3963 ipsi
1101 3889 1214 3962 sponte

43 3970 254 4051 susceperint,
286 3969 421 4051 obligari
449 3988 483 4034 se
515 3988 608 4052 posse
637 3971 753 4048 dicant,
789 3987 974 4050 omnemque
1001 3969 1235 4038 sublimiorem

48 4062 239 4138 potestatem
263 4056 304 4120 ab
326 4058 403 4139 ipsis
425 4059 690 4138 independentem
713 4075 770 4138 pro
793 4059 910 4140 injusto
934 4057 1095 4122 dominatu
1118 4057 1214 4124 habe·

42 4151 107 4225 ant,
131 4164 227 4226 quem
250 4163 310 4226 pro
325 4145 427 4210 lubitu
450 4146 587 4226 abjicere
604 4152 698 4227 atque
715 4150 859 4210 evertere
874 4144 981 4209 liccat:
1005 4145 1101 4209 immo
1117 4147 1213 4211 etiarn

156 4337 177 4404 1)
199 4335 240 4390 Cf.
261 4335 360 4392 Marah.
380 4335 451 4388 XVI.
471 4338 515 4393 26.
590 4336 611 4403 ¹)
631 4334 671 4389 ef.
691 4335 726 4388 II.
745 4336 805 4390 Pet.
824 4336 858 4389 11.
881 4337 921 4389 10.
