2872 4874
140 329 182 389 20
530 339 724 388 consummo
748 341 921 389 noenarrcs

140 498 270 546 suomm
300 481 437 564 principi
468 478 601 546 factam:
636 479 707 562 Epo
730 482 844 564 rogavi
871 502 936 561 pro
959 487 997 559 te,
1029 488 1065 546 at
1091 502 1155 546 aon
1178 484 1308 564 deficiat

28 610 32 616 -
136 569 219 652 rides
241 575 307 648 tac,
334 575 363 633 et
387 575 422 632 to
445 567 620 649 aliqnando
644 587 814 633 conversas
837 569 990 648 confirmo
1009 569 1131 648 fratres
1154 576 1233 635 taos.
1242 572 1267 654 1)

243 657 313 722 Hoc
335 657 434 737 igitur
448 655 592 719 veritatis
615 661 647 720 et
669 653 744 720 fidei
759 675 822 721 non
846 655 1019 722 deficientis
1035 657 1193 722 charisma
1208 661 1306 725 Petro

138 747 269 829 ejusque
291 746 325 809 in
358 744 418 809 hac
442 741 603 807 Cathedra
637 744 871 809 successoribus
894 745 1044 809 divinitus
1067 745 1220 810 collatum
1244 753 1304 827 est,

137 838 174 897 ut
206 832 327 899 excelso
360 849 417 896 suo
447 849 579 896 munere
611 831 645 894 in
677 832 816 899 omnium
849 831 986 897 salutem
1016 831 1232 914 fungerentur,
1268 842 1306 901 ut

137 921 304 986 universus
329 916 449 983 Christi
471 937 548 1001 grex
570 937 629 1001 per
651 937 706 983 eos
729 918 770 984 ab
794 921 911 984 erroris
933 938 1093 985 venenosa
1117 939 1191 986 esca
1214 942 1304 987 aver-

137 1027 201 1093 sus,
226 1007 371 1074 coelestis
395 1008 557 1071 doctrinae
580 1006 696 1088 pabulo
712 1009 898 1087 nutriretur,
922 1013 959 1072 ut
974 1008 1100 1073 sublata
1122 1009 1303 1075 schismatis

137 1097 302 1163 occasione
317 1095 463 1160 Ecclesia
485 1099 553 1160 tota
568 1113 632 1158 una
648 1100 889 1159 conservaretur
904 1101 1002 1176 atque
1024 1114 1081 1161 suo
1098 1095 1304 1163 fundamento

137 1185 245 1249 innixa
266 1184 357 1248 firma
379 1183 532 1248 adversus
554 1181 646 1247 inferi
668 1186 777 1263 portas
800 1184 998 1249 consisteret.

243 1274 362 1336 Atvero
393 1290 464 1336 cum
492 1270 554 1335 hac
585 1271 654 1352 ipsa
687 1275 802 1349 aetate,
837 1289 900 1352 qua
933 1270 1097 1336 salutifera
1128 1271 1304 1353 Apostolici

137 1361 277 1425 muneris
312 1356 453 1424 efficacia
483 1357 534 1423 vel
562 1359 697 1423 maxime
720 1360 901 1439 requiritur,
937 1378 1001 1423 non
1023 1360 1116 1440 pauci
1139 1361 1303 1425 invenian-

136 1455 198 1529 tur,
222 1449 276 1529 qui
297 1447 382 1511 illius
411 1447 595 1512 auctoritati
617 1448 810 1524 obtrectant;
842 1448 1056 1512 necessarium
1078 1448 1205 1512 omnino
1230 1467 1301 1514 esse

136 1553 308 1615 censemus,
347 1535 611 1618 praerogativam,
652 1552 748 1614 quam
768 1535 964 1616 'unigenitus
1001 1535 1062 1599 Dei
1094 1535 1191 1599 Filius
1227 1555 1300 1601 cum

136 1642 257 1688 summo
292 1623 446 1705 pastorali
466 1620 583 1687 ‘officio
619 1623 809 1705 conjungere
842 1623 989 1702 dignatus
1023 1628 1083 1701 est,
1118 1623 1301 1689 solemniter

135 1730 292 1777 asserere.

240 1801 352 1880 Itaque
368 1797 434 1863 Nos
456 1797 621 1862 traditioni
637 1816 657 1862 a
672 1794 746 1862 fidei
762 1796 962 1862 Christianae
985 1798 1114 1862 exordio
1129 1804 1300 1880 perceptae

135 1885 271 1952 fideliter
294 1886 488 1951 inhaerendo
511 1886 553 1950 ad
568 1885 628 1950 Dei
650 1884 824 1950 Salvatorls
847 1885 949 1950 nostri
972 1884 1114 1966 gloriam,
1139 1886 1299 1967 religionis

137 1974 320 2040 Catholicae
352 1974 576 2039 exaltationem
604 1979 637 2038 et
660 1972 911 2039 Christianorum
941 1972 1129 2055 populorum
1152 1975 1295 2053 salutem,

134 2080 225 2129 seem
240 2063 437 2145 approbante
450 2061 600 2140 Concilio,
618 2062 767 2127 docemus
783 2067 815 2126 et
830 2062 979 2126 divinitus
994 2061 1170 2126 revelatum
1186 2063 1297 2144 dogma

55 2158 58 2164 '
134 2169 204 2216 esse
221 2149 400 2217 definimus:
423 2150 600 2214 Romanum
616 2148 811 2229 Pontificem,
836 2168 907 2214 cum
921 2168 959 2214 ex
975 2147 1135 2214 Cathedra
1149 2149 1299 2230 loquitur,

132 2240 166 2305 id
188 2246 246 2320 est,
271 2257 342 2303 cum
365 2239 504 2303 omnium
519 2237 770 2303 Christianorum
784 2238 927 2302 Pastoris
944 2241 982 2319 et
998 2237 1144 2301 Doctoris
1167 2256 1300 2302 munere

132 2325 276 2408 fungens
300 2345 358 2407 pro
381 2343 531 2405 suprema
553 2343 611 2388 sua
634 2325 818 2404 Apostolica
840 2324 1033 2388 auctoritate
1057 2323 1234 2386 doctrinam
1259 2325 1301 2387 de

133 2414 196 2480 fide
220 2415 270 2480 vel
301 2413 442 2478 moribus
471 2414 511 2477 ab
544 2413 691 2476 universa
714 2409 860 2476 Ecclesia
887 2409 1057 2475 tenendam
1086 2408 1203 2488 delinit,
1240 2429 1300 2492 per

134 2503 351 2568 assistentiam
373 2501 519 2580 divinam,
543 2499 604 2581 ipsi
626 2499 660 2562 in
683 2498 778 2563 heato
801 2499 899 2563 Petro
922 2497 1118 2579 promissam,
1143 2515 1181 2560 ea
1203 2495 1298 2561 infal-

133 2589 283 2657 libilitate
312 2589 443 2672 pollere,
479 2606 542 2669 qua
570 2587 694 2651 divinus
722 2586 916 2668 Redemptor
938 2583 1116 2649 Ecclesiam
1146 2602 1237 2649 suam
1260 2586 1294 2649 in

135 2679 312 2744 definienda
334 2677 479 2742 doctrina
503 2676 542 2741 de
564 2673 627 2740 fide
649 2674 701 2739 vel
716 2675 857 2757 moribus
879 2674 1069 2738 instructam
1092 2689 1161 2736 esse
1182 2672 1300 2751 voluit,

133 2766 267 2847 ideoque
297 2764 453 2847 ejusmodi
482 2764 617 2829 Romani
640 2761 800 2845 Pontificis
832 2760 1031 2826 definitiones
1063 2777 1133 2825 esse
1165 2779 1203 2824 ex
1227 2778 1300 2825 sese

133 2853 390 2920 irreformabiles.

240 2941 273 3006 Si
296 2941 365 3022 quis
388 2945 495 3008 autem
517 2902 592 3004 huic
606 2938 744 3004 Nostrae
767 2935 940 3002 definitioni
963 2936 1190 3018 contradicere,
1214 2936 1300 3016 quod

133 3029 222 3094 Deus
246 3033 381 3109 avertat,
406 3028 669 3109 praesumpserit3
693 3026 863 3091 anathema
886 3027 936 3090 sit.

132 3154 346 3164 m——n—

241 3204 260 3272 1)
276 3192 348 3258 'aaa
367 3203 454 3260 nnn
475 3205 518 3256 aa.
