<?xml version="1.0" encoding="UTF-8"?>
<!DOCTYPE html PUBLIC "-//W3C//DTD XHTML 1.0 Transitional//EN"
    "http://www.w3.org/TR/xhtml1/DTD/xhtml1-transitional.dtd">
<html xmlns="http://www.w3.org/1999/xhtml" xml:lang="en" lang="en">
 <head>
  <title>
</title>
<meta http-equiv="Content-Type" content="text/html;charset=utf-8" />
  <meta name='ocr-system' content='tesseract 3.04.00' />
  <meta name='ocr-capabilities' content='ocr_page ocr_carea ocr_par ocr_line ocrx_word'/>
</head>
<body>
  <div class='ocr_page' id='page_1' title='image "./omniumconciliiv00martgoog_0103.png"; bbox 0 0 2872 4874; ppageno 0'>
   <div class='ocr_carea' id='block_1_1' title="bbox 630 347 798 394">
    <p class='ocr_par' dir='ltr' id='par_1_1' title="bbox 630 347 798 394">
     <span class='ocr_line' id='line_1_1' title="bbox 630 347 798 394; baseline -0.012 0"><span class='ocrx_word' id='word_1_1' title='bbox 630 347 798 394; x_wconf 68' lang='lat' dir='ltr'>possulum</span> 
     </span>
    </p>
   </div>
   <div class='ocr_carea' id='block_1_2' title="bbox 460 519 973 603">
    <p class='ocr_par' dir='ltr' id='par_1_2' title="bbox 460 519 973 603">
     <span class='ocr_line' id='line_1_2' title="bbox 460 519 973 603; baseline -0.008 -15"><span class='ocrx_word' id='word_1_2' title='bbox 460 523 511 588; x_wconf 90' lang='lat' dir='ltr'>Dc</span> <span class='ocrx_word' id='word_1_3' title='bbox 533 522 750 603; x_wconf 71' lang='lat' dir='ltr'>Beaeptccoiio</span> <span class='ocrx_word' id='word_1_4' title='bbox 776 519 973 586; x_wconf 71' lang='lat' dir='ltr'>Christiano.</span> 
     </span>
    </p>
   </div>
   <div class='ocr_carea' id='block_1_3' title="bbox 244 661 1303 753">
    <p class='ocr_par' dir='ltr' id='par_1_3' title="bbox 244 661 1303 753">
     <span class='ocr_line' id='line_1_3' title="bbox 244 661 1303 753; baseline -0.004 -23"><span class='ocrx_word' id='word_1_5' title='bbox 244 667 372 730; x_wconf 80' lang='lat' dir='ltr'><strong>Placeat</strong></span> <span class='ocrx_word' id='word_1_6' title='bbox 407 663 545 728; x_wconf 83' lang='lat' dir='ltr'>Concilio</span> <span class='ocrx_word' id='word_1_7' title='bbox 581 663 790 728; x_wconf 89' lang='lat' dir='ltr'>Oecumenico</span> <span class='ocrx_word' id='word_1_8' title='bbox 825 662 980 726; x_wconf 87' lang='lat' dir='ltr'>Vaticano</span> <span class='ocrx_word' id='word_1_9' title='bbox 1015 661 1179 726; x_wconf 88' lang='lat' dir='ltr'>declarare</span> <span class='ocrx_word' id='word_1_10' title='bbox 1220 679 1303 753; x_wconf 83' lang='lat' dir='ltr'>quae</span> 
     </span>
    </p>
   </div>
   <div class='ocr_carea' id='block_1_4' title="bbox 136 760 1304 922">
    <p class='ocr_par' dir='ltr' id='par_1_4' title="bbox 136 760 1304 922">
     <span class='ocr_line' id='line_1_4' title="bbox 136 760 1304 922; baseline 0.048 -12"><span class='ocrx_word' id='word_1_11' title='bbox 136 760 347 920; x_wconf 49' lang='lat' dir='ltr'>sequulgglrlffi</span> <span class='ocrx_word' id='word_1_12' title='bbox 378 839 502 922; x_wconf 89' lang='lat' dir='ltr'>publica</span> <span class='ocrx_word' id='word_1_13' title='bbox 525 837 743 916; x_wconf 86' lang='lat' dir='ltr'>beneficentia,</span> <span class='ocrx_word' id='word_1_14' title='bbox 775 855 856 918; x_wconf 69' lang='lat'><strong>(1⁰⁸0</strong></span> <span class='ocrx_word' id='word_1_15' title='bbox 878 839 910 902; x_wconf 68' lang='lat' dir='ltr'>in</span> <span class='ocrx_word' id='word_1_16' title='bbox 940 836 1001 902; x_wconf 53' lang='grc' dir='ltr'>ΜΘ</span> <span class='ocrx_word' id='word_1_17' title='bbox 1033 835 1185 901; x_wconf 84' lang='lat' dir='ltr'>fundatur</span> <span class='ocrx_word' id='word_1_18' title='bbox 1209 843 1242 902; x_wconf 60' lang='lat' dir='ltr'>et</span> <span class='ocrx_word' id='word_1_19' title='bbox 1266 855 1304 902; x_wconf 60' lang='lat' dir='ltr'>ex</span> 
     </span>
    </p>
   </div>
   <div class='ocr_carea' id='block_1_5' title="bbox 136 926 1326 1449">
    <p class='ocr_par' dir='ltr' id='par_1_5' title="bbox 136 926 1326 1449">
     <span class='ocr_line' id='line_1_5' title="bbox 139 926 1303 1008; baseline -0.005 -13"><span class='ocrx_word' id='word_1_20' title='bbox 139 929 295 995; x_wconf 80' lang='lat' dir='ltr'>charitate</span> <span class='ocrx_word' id='word_1_21' title='bbox 316 934 435 1007; x_wconf 86' lang='lat' dir='ltr'>manat,</span> <span class='ocrx_word' id='word_1_22' title='bbox 461 927 501 992; x_wconf 91' lang='lat' dir='ltr'>ab</span> <span class='ocrx_word' id='word_1_23' title='bbox 524 926 669 992; x_wconf 82' lang='lat' dir='ltr'>Ecclesia</span> <span class='ocrx_word' id='word_1_24' title='bbox 690 926 819 990; x_wconf 84' lang='lat' dir='ltr'>inventa</span> <span class='ocrx_word' id='word_1_25' title='bbox 841 931 874 990; x_wconf 90' lang='lat' dir='ltr'>et</span> <span class='ocrx_word' id='word_1_26' title='bbox 903 926 1028 990; x_wconf 85' lang='lat' dir='ltr'>exculta</span> <span class='ocrx_word' id='word_1_27' title='bbox 1049 927 1100 1005; x_wconf 84' lang='lat' dir='ltr'>sit,</span> <span class='ocrx_word' id='word_1_28' title='bbox 1125 944 1203 990; x_wconf 85' lang='lat' dir='ltr'>cara</span> <span class='ocrx_word' id='word_1_29' title='bbox 1226 945 1303 1008; x_wconf 87' lang='lat' dir='ltr'>pau·</span> 
     </span>
     <span class='ocr_line' id='line_1_6' title="bbox 139 1013 1303 1099; baseline -0.003 -17"><span class='ocrx_word' id='word_1_30' title='bbox 139 1037 250 1099; x_wconf 90' lang='lat' dir='ltr'>perum</span> <span class='ocrx_word' id='word_1_31' title='bbox 273 1022 305 1080; x_wconf 90' lang='lat' dir='ltr'>et</span> <span class='ocrx_word' id='word_1_32' title='bbox 327 1016 554 1080; x_wconf 76' lang='lat' dir='ltr'>miserabilium</span> <span class='ocrx_word' id='word_1_33' title='bbox 577 1033 629 1079; x_wconf 90' lang='lat' dir='ltr'>res</span> <span class='ocrx_word' id='word_1_34' title='bbox 652 1033 745 1079; x_wconf 91' lang='lat' dir='ltr'>sacra</span> <span class='ocrx_word' id='word_1_35' title='bbox 768 1020 801 1077; x_wconf 88' lang='lat' dir='ltr'>et</span> <span class='ocrx_word' id='word_1_36' title='bbox 825 1013 987 1078; x_wconf 82' lang='lat' dir='ltr'>Ecclesiae</span> <span class='ocrx_word' id='word_1_37' title='bbox 1009 1013 1137 1094; x_wconf 87' lang='lat' dir='ltr'>propria</span> <span class='ocrx_word' id='word_1_38' title='bbox 1160 1019 1220 1092; x_wconf 89' lang='lat' dir='ltr'>est,</span> <span class='ocrx_word' id='word_1_39' title='bbox 1246 1031 1303 1078; x_wconf 88' lang='lat' dir='ltr'>neo</span> 
     </span>
     <span class='ocr_line' id='line_1_7' title="bbox 139 1101 1302 1186; baseline -0.005 -16"><span class='ocrx_word' id='word_1_40' title='bbox 139 1107 207 1171; x_wconf 93' lang='lat' dir='ltr'>sine</span> <span class='ocrx_word' id='word_1_41' title='bbox 231 1123 354 1170; x_wconf 90' lang='lat' dir='ltr'>summa</span> <span class='ocrx_word' id='word_1_42' title='bbox 375 1105 493 1186; x_wconf 89' lang='lat' dir='ltr'>injuria</span> <span class='ocrx_word' id='word_1_43' title='bbox 516 1109 548 1167; x_wconf 93' lang='lat' dir='ltr'>et</span> <span class='ocrx_word' id='word_1_44' title='bbox 570 1104 695 1167; x_wconf 91' lang='lat' dir='ltr'>nonnisi</span> <span class='ocrx_word' id='word_1_45' title='bbox 718 1103 751 1165; x_wconf 93' lang='lat' dir='ltr'>in</span> <span class='ocrx_word' id='word_1_46' title='bbox 774 1101 902 1166; x_wconf 91' lang='lat' dir='ltr'>humani</span> <span class='ocrx_word' id='word_1_47' title='bbox 926 1103 1051 1179; x_wconf 86' lang='lat' dir='ltr'>generis</span> <span class='ocrx_word' id='word_1_48' title='bbox 1075 1102 1302 1166; x_wconf 86' lang='lat' dir='ltr'>detrimentum</span> 
     </span>
     <span class='ocr_line' id='line_1_8' title="bbox 140 1189 1326 1273; baseline -0.004 -16"><span class='ocrx_word' id='word_1_49' title='bbox 140 1193 281 1259; x_wconf 82' lang='lat' dir='ltr'>Ecclesia</span> <span class='ocrx_word' id='word_1_50' title='bbox 303 1193 481 1273; x_wconf 81' lang='lat' dir='ltr'>impeditur,</span> <span class='ocrx_word' id='word_1_51' title='bbox 513 1192 679 1271; x_wconf 89' lang='lat' dir='ltr'>quominus</span> <span class='ocrx_word' id='word_1_52' title='bbox 702 1190 783 1254; x_wconf 91' lang='lat' dir='ltr'>banc</span> <span class='ocrx_word' id='word_1_53' title='bbox 807 1207 921 1254; x_wconf 90' lang='lat' dir='ltr'>curam·</span> <span class='ocrx_word' id='word_1_54' title='bbox 943 1190 1044 1254; x_wconf 91' lang='lat' dir='ltr'>libere</span> <span class='ocrx_word' id='word_1_55' title='bbox 1067 1196 1152 1271; x_wconf 89' lang='lat' dir='ltr'>agat,</span> <span class='ocrx_word' id='word_1_56' title='bbox 1177 1189 1232 1270; x_wconf 91' lang='lat' dir='ltr'>pia</span> <span class='ocrx_word' id='word_1_57' title='bbox 1257 1192 1326 1253; x_wconf 84' lang='lat' dir='ltr'>in·&#39;</span> 
     </span>
     <span class='ocr_line' id='line_1_9' title="bbox 140 1278 1300 1356; baseline -0.002 -12"><span class='ocrx_word' id='word_1_58' title='bbox 140 1283 254 1344; x_wconf 89' lang='lat' dir='ltr'>stituta</span> <span class='ocrx_word' id='word_1_59' title='bbox 278 1281 351 1344; x_wconf 90' lang='lat' dir='ltr'>olim</span> <span class='ocrx_word' id='word_1_60' title='bbox 373 1281 519 1344; x_wconf 88' lang='lat' dir='ltr'>manibus</span> <span class='ocrx_word' id='word_1_61' title='bbox 548 1280 614 1344; x_wconf 90' lang='lat' dir='ltr'>eius</span> <span class='ocrx_word' id='word_1_62' title='bbox 639 1280 807 1343; x_wconf 85' lang='lat' dir='ltr'>commissa</span> <span class='ocrx_word' id='word_1_63' title='bbox 836 1284 1001 1342; x_wconf 85' lang='lat' dir='ltr'>conservet</span> <span class='ocrx_word' id='word_1_64' title='bbox 1033 1283 1066 1342; x_wconf 89' lang='lat' dir='ltr'>et</span> <span class='ocrx_word' id='word_1_65' title='bbox 1089 1278 1300 1356; x_wconf 73' lang='lat' dir='ltr'>administret</span> 
     </span>
     <span class='ocr_line' id='line_1_10' title="bbox 136 1365 483 1449; baseline -0.003 -16"><span class='ocrx_word' id='word_1_66' title='bbox 136 1377 238 1449; x_wconf 49' lang='lat' dir='ltr'>&gt;atque</span> <span class='ocrx_word' id='word_1_67' title='bbox 259 1386 340 1432; x_wconf 90' lang='lat' dir='ltr'>nova</span> <span class='ocrx_word' id='word_1_68' title='bbox 362 1365 483 1432; x_wconf 87' lang='lat' dir='ltr'>fundet.</span> 
     </span>
    </p>
   </div>
   <div class='ocr_carea' id='block_1_6' title="bbox 245 1472 1213 1695">
    <p class='ocr_par' dir='ltr' id='par_1_6' title="bbox 245 1472 1213 1695">
     <span class='ocr_line' id='line_1_11' title="bbox 245 1472 791 1539; baseline -0.002 -3"><span class='ocrx_word' id='word_1_69' title='bbox 245 1473 365 1538; x_wconf 86' lang='lat' dir='ltr'>Romae</span> <span class='ocrx_word' id='word_1_70' title='bbox 389 1473 439 1539; x_wconf 93' lang='lat' dir='ltr'>die</span> <span class='ocrx_word' id='word_1_71' title='bbox 466 1479 502 1536; x_wconf 91' lang='lat' dir='ltr'>ll</span> <span class='ocrx_word' id='word_1_72' title='bbox 528 1472 673 1537; x_wconf 77' lang='lat' dir='ltr'>ianuarii</span> <span class='ocrx_word' id='word_1_73' title='bbox 700 1475 791 1537; x_wconf 86' lang='grc'><strong>1870.</strong></span> 
     </span>
     <span class='ocr_line' id='line_1_12' title="bbox 560 1611 1213 1695; baseline 0.003 -19"><span class='ocrx_word' id='word_1_74' title='bbox 560 1613 761 1695; x_wconf 65' lang='grc'><strong>1111001003,</strong></span> <span class='ocrx_word' id='word_1_75' title='bbox 785 1612 887 1693; x_wconf 87' lang='lat' dir='ltr'>Episc.</span> <span class='ocrx_word' id='word_1_76' title='bbox 912 1611 1213 1678; x_wconf 86' lang='lat' dir='ltr'>Halicamassensis.</span> 
     </span>
    </p>
   </div>
   <div class='ocr_carea' id='block_1_7' title="bbox 616 1838 827 1857">
    <p class='ocr_par' dir='ltr' id='par_1_7' title="bbox 616 1838 827 1857">
     <span class='ocr_line' id='line_1_13' title="bbox 616 1838 827 1846; baseline -0.005 -1"><span class='ocrx_word' id='word_1_77' title='bbox 616 1838 827 1846; x_wconf 77' lang='lat'><em>-———-..-</em></span> 
     </span>
     <span class='ocr_line' id='line_1_14' title="bbox 616 1850 826 1857; baseline 0 -1"><span class='ocrx_word' id='word_1_78' title='bbox 616 1850 826 1857; x_wconf 79' lang='lat'><strong>——-.—-</strong></span> 
     </span>
    </p>
   </div>
   <div class='ocr_carea' id='block_1_8' title="bbox 374 1997 1167 2237">
    <p class='ocr_par' dir='ltr' id='par_1_8' title="bbox 374 1997 1167 2237">
     <span class='ocr_line' id='line_1_15' title="bbox 530 1997 931 2096; baseline 0.002 -2"><span class='ocrx_word' id='word_1_79' title='bbox 530 2014 563 2096; x_wconf 82' lang='lat'>7.</span> <span class='ocrx_word' id='word_1_80' title='bbox 603 1997 931 2096; x_wconf 73' lang='lat' dir='ltr'>postillarum</span> 
     </span>
     <span class='ocr_line' id='line_1_16' title="bbox 374 2164 1167 2237; baseline 0 -1"><span class='ocrx_word' id='word_1_81' title='bbox 374 2173 430 2236; x_wconf 84' lang='lat' dir='ltr'>no</span> <span class='ocrx_word' id='word_1_82' title='bbox 454 2171 640 2237; x_wconf 81' lang='lat' dir='ltr'>sououns</span> <span class='ocrx_word' id='word_1_83' title='bbox 666 2171 822 2236; x_wconf 73' lang='lat' dir='ltr'>uraris</span> <span class='ocrx_word' id='word_1_84' title='bbox 846 2170 1067 2236; x_wconf 74' lang='lat' dir='ltr'>soporans.</span> <span class='ocrx_word' id='word_1_85' title='bbox 1165 2164 1167 2168; x_wconf 65' lang='grc'><strong>“</strong></span> 
     </span>
    </p>
   </div>
   <div class='ocr_carea' id='block_1_9' title="bbox 137 2311 1309 3363">
    <p class='ocr_par' dir='ltr' id='par_1_9' title="bbox 137 2311 1309 3363">
     <span class='ocr_line' id='line_1_17' title="bbox 245 2311 1301 2389; baseline 0.001 -11"><span class='ocrx_word' id='word_1_86' title='bbox 245 2315 390 2379; x_wconf 91' lang='lat' dir='ltr'>Illustres</span> <span class='ocrx_word' id='word_1_87' title='bbox 413 2319 559 2379; x_wconf 88' lang='lat' dir='ltr'>auctores</span> <span class='ocrx_word' id='word_1_88' title='bbox 575 2313 751 2378; x_wconf 83' lang='lat' dir='ltr'>Schematis</span> <span class='ocrx_word' id='word_1_89' title='bbox 775 2314 813 2377; x_wconf 90' lang='lat' dir='ltr'>de</span> <span class='ocrx_word' id='word_1_90' title='bbox 829 2311 980 2389; x_wconf 82' lang='lat' dir='ltr'>Ecclesia,</span> <span class='ocrx_word' id='word_1_91' title='bbox 1005 2313 1058 2376; x_wconf 93' lang='lat' dir='ltr'>ubi</span> <span class='ocrx_word' id='word_1_92' title='bbox 1082 2312 1121 2376; x_wconf 92' lang='lat' dir='ltr'>de</span> <span class='ocrx_word' id='word_1_93' title='bbox 1146 2312 1301 2379; x_wconf 85' lang='lat' dir='ltr'>relatione</span> 
     </span>
     <span class='ocr_line' id='line_1_18' title="bbox 140 2401 1304 2482; baseline -0.003 -15"><span class='ocrx_word' id='word_1_94' title='bbox 140 2403 301 2467; x_wconf 87' lang='lat' dir='ltr'>Ecclesiae</span> <span class='ocrx_word' id='word_1_95' title='bbox 324 2402 364 2465; x_wconf 91' lang='lat' dir='ltr'>ad</span> <span class='ocrx_word' id='word_1_96' title='bbox 386 2401 545 2482; x_wconf 90' lang='lat' dir='ltr'>publicam</span> <span class='ocrx_word' id='word_1_97' title='bbox 575 2402 734 2465; x_wconf 85' lang='lat' dir='ltr'>hominum</span> <span class='ocrx_word' id='word_1_98' title='bbox 767 2401 950 2465; x_wconf 89' lang='lat' dir='ltr'>societatem</span> <span class='ocrx_word' id='word_1_99' title='bbox 989 2401 1138 2482; x_wconf 78' lang='lat' dir='ltr'>agebant,</span> <span class='ocrx_word' id='word_1_100' title='bbox 1170 2401 1304 2473; x_wconf 80' lang='lat' dir='ltr'>Soboloc</span> 
     </span>
     <span class='ocr_line' id='line_1_19' title="bbox 142 2487 1304 2571; baseline -0.002 -16"><span class='ocrx_word' id='word_1_101' title='bbox 142 2492 239 2555; x_wconf 90' lang='lat' dir='ltr'>etiam</span> <span class='ocrx_word' id='word_1_102' title='bbox 261 2495 498 2571; x_wconf 88' lang='lat' dir='ltr'>pertractarunt</span> <span class='ocrx_word' id='word_1_103' title='bbox 520 2491 585 2552; x_wconf 91' lang='lat' dir='ltr'>sive</span> <span class='ocrx_word' id='word_1_104' title='bbox 608 2487 771 2553; x_wconf 86' lang='lat' dir='ltr'>inferiores</span> <span class='ocrx_word' id='word_1_105' title='bbox 795 2488 860 2552; x_wconf 86' lang='lat' dir='ltr'>sive</span> <span class='ocrx_word' id='word_1_106' title='bbox 876 2488 1065 2567; x_wconf 73' lang='lat' dir='ltr'>superiores</span> <span class='ocrx_word' id='word_1_107' title='bbox 1088 2506 1170 2568; x_wconf 89' lang='lat' dir='ltr'>quae</span> <span class='ocrx_word' id='word_1_108' title='bbox 1194 2492 1304 2571; x_wconf 87' lang='lat' dir='ltr'>utiquc</span> 
     </span>
     <span class='ocr_line' id='line_1_20' title="bbox 141 2575 1304 2666; baseline 0.001 -25"><span class='ocrx_word' id='word_1_109' title='bbox 141 2585 309 2657; x_wconf 87' lang='lat' dir='ltr'>utramque</span> <span class='ocrx_word' id='word_1_110' title='bbox 333 2577 516 2640; x_wconf 88' lang='lat' dir='ltr'>societatem</span> <span class='ocrx_word' id='word_1_111' title='bbox 533 2575 779 2666; x_wconf 83' lang='lat' dir='ltr'>ecclesiasticam</span> <span class='ocrx_word' id='word_1_112' title='bbox 803 2580 835 2638; x_wconf 89' lang='lat' dir='ltr'>et</span> <span class='ocrx_word' id='word_1_113' title='bbox 857 2575 977 2639; x_wconf 85' lang='lat' dir='ltr'>civilem</span> <span class='ocrx_word' id='word_1_114' title='bbox 995 2594 1094 2658; x_wconf 90' lang='lat' dir='ltr'>aeque</span> <span class='ocrx_word' id='word_1_115' title='bbox 1118 2578 1304 2658; x_wconf 90' lang='lat' dir='ltr'>respiciunt.</span> 
     </span>
     <span class='ocr_line' id='line_1_21' title="bbox 142 2663 1305 2746; baseline 0.001 -19"><span class='ocrx_word' id='word_1_116' title='bbox 142 2665 257 2728; x_wconf 91' lang='lat' dir='ltr'>Merito</span> <span class='ocrx_word' id='word_1_117' title='bbox 280 2663 441 2728; x_wconf 85' lang='lat' dir='ltr'>Ecclesiae</span> <span class='ocrx_word' id='word_1_118' title='bbox 464 2664 557 2728; x_wconf 89' lang='lat' dir='ltr'>iniis</span> <span class='ocrx_word' id='word_1_119' title='bbox 578 2664 630 2746; x_wconf 87' lang='lat' dir='ltr'>jus</span> <span class='ocrx_word' id='word_1_120' title='bbox 653 2665 832 2729; x_wconf 87' lang='lat' dir='ltr'>vindicatur</span> <span class='ocrx_word' id='word_1_121' title='bbox 856 2663 1042 2744; x_wconf 88' lang='lat' dir='ltr'>providendi</span> <span class='ocrx_word' id='word_1_122' title='bbox 1065 2663 1235 2745; x_wconf 82' lang='lat' dir='ltr'>religiosae</span> <span class='ocrx_word' id='word_1_123' title='bbox 1258 2667 1305 2730; x_wconf 93' lang='lat' dir='ltr'>in-</span> 
     </span>
     <span class='ocr_line' id='line_1_22' title="bbox 139 2751 1306 2835; baseline -0.001 -18"><span class='ocrx_word' id='word_1_124' title='bbox 139 2753 296 2818; x_wconf 88' lang='lat' dir='ltr'>stitutioni</span> <span class='ocrx_word' id='word_1_125' title='bbox 327 2756 359 2816; x_wconf 93' lang='lat' dir='ltr'>et</span> <span class='ocrx_word' id='word_1_126' title='bbox 381 2752 561 2818; x_wconf 88' lang='lat' dir='ltr'>educationi</span> <span class='ocrx_word' id='word_1_127' title='bbox 585 2751 766 2817; x_wconf 86' lang='lat' dir='ltr'>Catholicae</span> <span class='ocrx_word' id='word_1_128' title='bbox 784 2753 970 2835; x_wconf 85' lang='lat' dir='ltr'>juventutis</span> <span class='ocrx_word' id='word_1_129' title='bbox 1017 2753 1242 2831; x_wconf 84' lang='lat' dir='ltr'>Quaestionem</span> <span class='ocrx_word' id='word_1_130' title='bbox 1266 2752 1306 2816; x_wconf 87' lang='lat' dir='ltr'>de</span> 
     </span>
     <span class='ocr_line' id='line_1_23' title="bbox 137 2838 1307 2922; baseline -0.002 -16"><span class='ocrx_word' id='word_1_131' title='bbox 137 2839 263 2907; x_wconf 82' lang='lat' dir='ltr'>Scholia</span> <span class='ocrx_word' id='word_1_132' title='bbox 286 2857 354 2904; x_wconf 91' lang='lat' dir='ltr'>rem</span> <span class='ocrx_word' id='word_1_133' title='bbox 384 2842 603 2922; x_wconf 86' lang='lat' dir='ltr'>gravissimam</span> <span class='ocrx_word' id='word_1_134' title='bbox 636 2842 779 2920; x_wconf 89' lang='lat' dir='ltr'>innuere,</span> <span class='ocrx_word' id='word_1_135' title='bbox 810 2842 872 2922; x_wconf 91' lang='lat' dir='ltr'>ipsi</span> <span class='ocrx_word' id='word_1_136' title='bbox 900 2838 1074 2921; x_wconf 84' lang='lat' dir='ltr'>Religionis</span> <span class='ocrx_word' id='word_1_137' title='bbox 1097 2840 1203 2905; x_wconf 78' lang='lat' dir='ltr'>hostes</span> <span class='ocrx_word' id='word_1_138' title='bbox 1226 2845 1307 2906; x_wconf 90' lang='lat' dir='ltr'>nota</span> 
     </span>
     <span class='ocr_line' id='line_1_24' title="bbox 141 2927 1308 3010; baseline -0.002 -16"><span class='ocrx_word' id='word_1_139' title='bbox 141 2947 180 2994; x_wconf 90' lang='lat' dir='ltr'>ea</span> <span class='ocrx_word' id='word_1_140' title='bbox 203 2929 360 2993; x_wconf 90' lang='lat' dir='ltr'>sententia</span> <span class='ocrx_word' id='word_1_141' title='bbox 390 2927 595 2994; x_wconf 89' lang='lat' dir='ltr'>confitentur:</span> <span class='ocrx_word' id='word_1_142' title='bbox 631 2929 719 3010; x_wconf 87' lang='lat' dir='ltr'>cujus</span> <span class='ocrx_word' id='word_1_143' title='bbox 742 2935 817 2993; x_wconf 84' lang='lat' dir='ltr'>sunt</span> <span class='ocrx_word' id='word_1_144' title='bbox 839 2928 980 3007; x_wconf 90' lang='lat' dir='ltr'>scholae,</span> <span class='ocrx_word' id='word_1_145' title='bbox 1010 2927 1094 2992; x_wconf 91' lang='lat' dir='ltr'>illius</span> <span class='ocrx_word' id='word_1_146' title='bbox 1125 2933 1201 2993; x_wconf 93' lang='lat' dir='ltr'>sunt</span> <span class='ocrx_word' id='word_1_147' title='bbox 1225 2933 1308 2993; x_wconf 88' lang='lat' dir='ltr'>tern-</span> 
     </span>
     <span class='ocr_line' id='line_1_25' title="bbox 141 3014 1309 3099; baseline -0.001 -17"><span class='ocrx_word' id='word_1_148' title='bbox 141 3035 221 3099; x_wconf 88' lang='lat' dir='ltr'>pora</span> <span class='ocrx_word' id='word_1_149' title='bbox 235 3015 354 3080; x_wconf 90' lang='lat' dir='ltr'>futura.</span> <span class='ocrx_word' id='word_1_150' title='bbox 389 3016 557 3082; x_wconf 91' lang='lat' dir='ltr'>Hominum</span> <span class='ocrx_word' id='word_1_151' title='bbox 579 3031 715 3098; x_wconf 89' lang='lat' dir='ltr'>namque</span> <span class='ocrx_word' id='word_1_152' title='bbox 731 3018 951 3097; x_wconf 85' lang='lat' dir='ltr'>generationes</span> <span class='ocrx_word' id='word_1_153' title='bbox 974 3014 1054 3082; x_wconf 87' lang='lat' dir='ltr'>tales</span> <span class='ocrx_word' id='word_1_154' title='bbox 1077 3020 1178 3096; x_wconf 91' lang='lat' dir='ltr'>erunt,</span> <span class='ocrx_word' id='word_1_155' title='bbox 1195 3015 1309 3096; x_wconf 77' lang='lat' dir='ltr'>quales</span> 
     </span>
     <span class='ocr_line' id='line_1_26' title="bbox 141 3102 1308 3186; baseline 0 -18"><span class='ocrx_word' id='word_1_156' title='bbox 141 3102 323 3170; x_wconf 86' lang='lat' dir='ltr'>efformatae</span> <span class='ocrx_word' id='word_1_157' title='bbox 354 3103 472 3170; x_wconf 90' lang='lat' dir='ltr'>fuerint</span> <span class='ocrx_word' id='word_1_158' title='bbox 494 3106 525 3169; x_wconf 91' lang='lat' dir='ltr'>in</span> <span class='ocrx_word' id='word_1_159' title='bbox 550 3105 680 3183; x_wconf 90' lang='lat' dir='ltr'>scholis,</span> <span class='ocrx_word' id='word_1_160' title='bbox 713 3105 762 3168; x_wconf 87' lang='lat' dir='ltr'>vel</span> <span class='ocrx_word' id='word_1_161' title='bbox 784 3106 817 3168; x_wconf 93' lang='lat' dir='ltr'>in</span> <span class='ocrx_word' id='word_1_162' title='bbox 846 3103 908 3169; x_wconf 94' lang='lat' dir='ltr'>fide</span> <span class='ocrx_word' id='word_1_163' title='bbox 931 3105 1132 3184; x_wconf 86' lang='lat' dir='ltr'>moribusque</span> <span class='ocrx_word' id='word_1_164' title='bbox 1154 3104 1308 3186; x_wconf 84' lang='lat' dir='ltr'>religiose</span> 
     </span>
     <span class='ocr_line' id='line_1_27' title="bbox 137 3191 1308 3274; baseline 0.003 -18"><span class='ocrx_word' id='word_1_165' title='bbox 137 3192 282 3257; x_wconf 84' lang='lat' dir='ltr'>excultae</span> <span class='ocrx_word' id='word_1_166' title='bbox 304 3193 355 3257; x_wconf 88' lang='lat' dir='ltr'>vel</span> <span class='ocrx_word' id='word_1_167' title='bbox 377 3194 417 3258; x_wconf 89' lang='lat' dir='ltr'>ad</span> <span class='ocrx_word' id='word_1_168' title='bbox 440 3194 632 3274; x_wconf 90' lang='lat' dir='ltr'>impietatem</span> <span class='ocrx_word' id='word_1_169' title='bbox 657 3210 841 3274; x_wconf 88' lang='lat' dir='ltr'>morumque</span> <span class='ocrx_word' id='word_1_170' title='bbox 863 3192 1072 3274; x_wconf 91' lang='lat' dir='ltr'>corruptelam</span> <span class='ocrx_word' id='word_1_171' title='bbox 1097 3191 1308 3273; x_wconf 87' lang='lat' dir='ltr'>depravatae.</span> 
     </span>
     <span class='ocr_line' id='line_1_28' title="bbox 141 3280 1309 3363; baseline 0 -19"><span class='ocrx_word' id='word_1_172' title='bbox 141 3280 190 3344; x_wconf 88' lang='lat' dir='ltr'>Ea</span> <span class='ocrx_word' id='word_1_173' title='bbox 211 3282 335 3344; x_wconf 91' lang='lat' dir='ltr'>ratione</span> <span class='ocrx_word' id='word_1_174' title='bbox 358 3280 519 3360; x_wconf 89' lang='lat' dir='ltr'>religionis</span> <span class='ocrx_word' id='word_1_175' title='bbox 542 3281 649 3346; x_wconf 90' lang='lat' dir='ltr'>hostes</span> <span class='ocrx_word' id='word_1_176' title='bbox 672 3282 789 3363; x_wconf 89' lang='lat' dir='ltr'>ubique</span> <span class='ocrx_word' id='word_1_177' title='bbox 811 3288 968 3344; x_wconf 87' lang='lat' dir='ltr'>terrarum</span> <span class='ocrx_word' id='word_1_178' title='bbox 991 3281 1149 3345; x_wconf 92' lang='lat' dir='ltr'>communi</span> <span class='ocrx_word' id='word_1_179' title='bbox 1173 3280 1309 3346; x_wconf 90' lang='lat' dir='ltr'>consilio</span> 
     </span>
    </p>
   </div>
   <div class='ocr_carea' id='block_1_10' title="bbox 23 3367 1309 3446">
    <p class='ocr_par' dir='ltr' id='par_1_10' title="bbox 23 3367 1309 3446">
     <span class='ocr_line' id='line_1_29' title="bbox 23 3367 1309 3446; baseline 0.001 -13"><span class='ocrx_word' id='word_1_180' title='bbox 23 3419 34 3433; x_wconf 82' lang='lat'><strong><em>.</em></strong></span> <span class='ocrx_word' id='word_1_181' title='bbox 142 3367 228 3432; x_wconf 93' lang='lat' dir='ltr'>inid</span> <span class='ocrx_word' id='word_1_182' title='bbox 258 3368 475 3446; x_wconf 82' lang='lat' dir='ltr'>connituntur,</span> <span class='ocrx_word' id='word_1_183' title='bbox 509 3375 545 3432; x_wconf 91' lang='lat' dir='ltr'>ut</span> <span class='ocrx_word' id='word_1_184' title='bbox 569 3370 731 3434; x_wconf 87' lang='lat' dir='ltr'>Ecclesiae</span> <span class='ocrx_word' id='word_1_185' title='bbox 764 3369 985 3433; x_wconf 90' lang='lat' dir='ltr'>auctoritatem</span> <span class='ocrx_word' id='word_1_186' title='bbox 1017 3376 1051 3432; x_wconf 93' lang='lat' dir='ltr'>et</span> <span class='ocrx_word' id='word_1_187' title='bbox 1073 3368 1137 3431; x_wconf 91' lang='lat' dir='ltr'>vim</span> <span class='ocrx_word' id='word_1_188' title='bbox 1160 3369 1309 3434; x_wconf 82' lang='lat' dir='ltr'>modera-</span> 
     </span>
    </p>
   </div>
   <div class='ocr_carea' id='block_1_11' title="bbox 124 3455 1311 4417">
    <p class='ocr_par' dir='ltr' id='par_1_11' title="bbox 124 3455 1311 4417">
     <span class='ocr_line' id='line_1_30' title="bbox 141 3455 1311 3538; baseline 0.003 -19"><span class='ocrx_word' id='word_1_189' title='bbox 141 3456 252 3519; x_wconf 90' lang='lat' dir='ltr'>tricem</span> <span class='ocrx_word' id='word_1_190' title='bbox 276 3474 295 3519; x_wconf 92' lang='lat' dir='ltr'>a</span> <span class='ocrx_word' id='word_1_191' title='bbox 318 3456 439 3520; x_wconf 86' lang='lat' dir='ltr'>Scholis</span> <span class='ocrx_word' id='word_1_192' title='bbox 462 3463 594 3521; x_wconf 88' lang='lat' dir='ltr'>arceant</span> <span class='ocrx_word' id='word_1_193' title='bbox 618 3475 735 3538; x_wconf 89' lang='lat' dir='ltr'>easque</span> <span class='ocrx_word' id='word_1_194' title='bbox 761 3457 819 3521; x_wconf 92' lang='lat' dir='ltr'>soli</span> <span class='ocrx_word' id='word_1_195' title='bbox 855 3463 888 3521; x_wconf 91' lang='lat' dir='ltr'>et</span> <span class='ocrx_word' id='word_1_196' title='bbox 910 3456 1002 3538; x_wconf 90' lang='lat' dir='ltr'>pleno</span> <span class='ocrx_word' id='word_1_197' title='bbox 1026 3455 1207 3520; x_wconf 79' lang='lat' dir='ltr'>saecularis</span> <span class='ocrx_word' id='word_1_198' title='bbox 1230 3477 1311 3522; x_wconf 82' lang='grc'><strong>000-</strong></span> 
     </span>
     <span class='ocr_line' id='line_1_31' title="bbox 124 3542 1310 3626; baseline 0.008 -26"><span class='ocrx_word' id='word_1_199' title='bbox 124 3544 282 3608; x_wconf 76' lang='lat' dir='ltr'>corc&#39;totc&#39;s</span> <span class='ocrx_word' id='word_1_200' title='bbox 297 3544 432 3607; x_wconf 79' lang='lat' dir='ltr'>arbitrio</span> <span class='ocrx_word' id='word_1_201' title='bbox 455 3544 504 3608; x_wconf 90' lang='lat' dir='ltr'>vel</span> <span class='ocrx_word' id='word_1_202' title='bbox 519 3546 624 3625; x_wconf 91' lang='lat' dir='ltr'>potius</span> <span class='ocrx_word' id='word_1_203' title='bbox 648 3545 863 3625; x_wconf 70' lang='lat' dir='ltr'>corruptionis</span> <span class='ocrx_word' id='word_1_204' title='bbox 877 3545 970 3626; x_wconf 77' lang='lat' dir='ltr'>percio</span> <span class='ocrx_word' id='word_1_205' title='bbox 993 3544 1172 3626; x_wconf 86' lang='lat' dir='ltr'>subjiciant.</span> <span class='ocrx_word' id='word_1_206' title='bbox 1210 3542 1310 3610; x_wconf 87' lang='lat' dir='ltr'>Unde</span> 
     </span>
     <span class='ocr_line' id='line_1_32' title="bbox 139 3630 1310 3713; baseline 0.002 -19"><span class='ocrx_word' id='word_1_207' title='bbox 139 3630 338 3709; x_wconf 89' lang='lat' dir='ltr'>factumest,</span> <span class='ocrx_word' id='word_1_208' title='bbox 363 3639 399 3694; x_wconf 93' lang='lat' dir='ltr'>ut</span> <span class='ocrx_word' id='word_1_209' title='bbox 420 3632 515 3696; x_wconf 91' lang='lat' dir='ltr'>iidem</span> <span class='ocrx_word' id='word_1_210' title='bbox 531 3632 647 3697; x_wconf 87' lang='lat' dir='ltr'>hostes·</span> <span class='ocrx_word' id='word_1_211' title='bbox 661 3634 693 3697; x_wconf 94' lang='lat' dir='ltr'>in</span> <span class='ocrx_word' id='word_1_212' title='bbox 716 3633 870 3698; x_wconf 87' lang='lat' dir='ltr'>acerrimo</span> <span class='ocrx_word' id='word_1_213' title='bbox 887 3631 979 3712; x_wconf 91' lang='lat' dir='ltr'>bello,</span> <span class='ocrx_word' id='word_1_214' title='bbox 1003 3632 1087 3713; x_wconf 88' lang='lat' dir='ltr'>quod</span> <span class='ocrx_word' id='word_1_215' title='bbox 1110 3635 1220 3696; x_wconf 89' lang='lat' dir='ltr'>contra</span> <span class='ocrx_word' id='word_1_216' title='bbox 1236 3651 1310 3696; x_wconf 92' lang='lat' dir='ltr'>rem</span> 
     </span>
     <span class='ocr_line' id='line_1_33' title="bbox 143 3717 1310 3802; baseline 0.003 -20"><span class='ocrx_word' id='word_1_217' title='bbox 143 3717 339 3784; x_wconf 82' lang='lat' dir='ltr'>Catholicam</span> <span class='ocrx_word' id='word_1_218' title='bbox 350 3719 472 3801; x_wconf 88' lang='lat' dir='ltr'>jugiter</span> <span class='ocrx_word' id='word_1_219' title='bbox 494 3725 619 3800; x_wconf 89' lang='lat' dir='ltr'>gerunt,</span> <span class='ocrx_word' id='word_1_220' title='bbox 642 3720 773 3787; x_wconf 80' lang='lat' dir='ltr'>Sobolos</span> <span class='ocrx_word' id='word_1_221' title='bbox 789 3721 880 3801; x_wconf 87' lang='lat' dir='ltr'>quasi</span> <span class='ocrx_word' id='word_1_222' title='bbox 901 3725 950 3785; x_wconf 90' lang='lat' dir='ltr'>tot</span> <span class='ocrx_word' id='word_1_223' title='bbox 966 3718 1215 3802; x_wconf 72' lang='lat' dir='ltr'>propapaocaio</span> <span class='ocrx_word' id='word_1_224' title='bbox 1232 3739 1310 3786; x_wconf 93' lang='lat' dir='ltr'>con·</span> 
     </span>
     <span class='ocr_line' id='line_1_34' title="bbox 142 3805 1310 3889; baseline 0.003 -19"><span class='ocrx_word' id='word_1_225' title='bbox 142 3808 286 3885; x_wconf 90' lang='lat' dir='ltr'>stituant,</span> <span class='ocrx_word' id='word_1_226' title='bbox 310 3825 392 3888; x_wconf 89' lang='lat' dir='ltr'>quae</span> <span class='ocrx_word' id='word_1_227' title='bbox 415 3805 576 3873; x_wconf 85' lang='lat' dir='ltr'>Ecclesiae</span> <span class='ocrx_word' id='word_1_228' title='bbox 599 3808 805 3873; x_wconf 85' lang='lat' dir='ltr'>debellandae</span> <span class='ocrx_word' id='word_1_229' title='bbox 822 3809 980 3889; x_wconf 87' lang='lat' dir='ltr'>objiciunt,</span> <span class='ocrx_word' id='word_1_230' title='bbox 1004 3815 1160 3889; x_wconf 89' lang='lat' dir='ltr'>quatenus</span> <span class='ocrx_word' id='word_1_231' title='bbox 1183 3809 1250 3871; x_wconf 90' lang='lat' dir='ltr'>iam</span> <span class='ocrx_word' id='word_1_232' title='bbox 1273 3810 1310 3874; x_wconf 93' lang='lat' dir='ltr'>in</span> 
     </span>
     <span class='ocr_line' id='line_1_35' title="bbox 139 3893 1310 3977; baseline 0.002 -19"><span class='ocrx_word' id='word_1_233' title='bbox 139 3913 312 3976; x_wconf 88' lang='lat' dir='ltr'>puerorum</span> <span class='ocrx_word' id='word_1_234' title='bbox 336 3893 645 3977; x_wconf 88' lang='lat' dir='ltr'>adolescentiumque</span> <span class='ocrx_word' id='word_1_235' title='bbox 667 3903 773 3960; x_wconf 90' lang='lat' dir='ltr'>mente</span> <span class='ocrx_word' id='word_1_236' title='bbox 794 3897 927 3976; x_wconf 87' lang='lat' dir='ltr'>ideoque</span> <span class='ocrx_word' id='word_1_237' title='bbox 948 3897 981 3960; x_wconf 91' lang='lat' dir='ltr'>in</span> <span class='ocrx_word' id='word_1_238' title='bbox 1003 3896 1207 3977; x_wconf 86' lang='lat' dir='ltr'>generatione</span> <span class='ocrx_word' id='word_1_239' title='bbox 1230 3914 1310 3960; x_wconf 90' lang='lat' dir='ltr'>ven-</span> 
     </span>
     <span class='ocr_line' id='line_1_36' title="bbox 136 3980 1311 4064; baseline 0.004 -20"><span class='ocrx_word' id='word_1_240' title='bbox 136 3991 214 4047; x_wconf 81' lang='lat' dir='ltr'>tura</span> <span class='ocrx_word' id='word_1_241' title='bbox 236 3983 388 4064; x_wconf 86' lang='lat' dir='ltr'>pietatem</span> <span class='ocrx_word' id='word_1_242' title='bbox 406 3989 445 4046; x_wconf 90' lang='lat' dir='ltr'>et</span> <span class='ocrx_word' id='word_1_243' title='bbox 465 3980 558 4048; x_wconf 90' lang='lat' dir='ltr'>fidem</span> <span class='ocrx_word' id='word_1_244' title='bbox 577 3983 763 4048; x_wconf 89' lang='lat' dir='ltr'>catholicam</span> <span class='ocrx_word' id='word_1_245' title='bbox 787 3984 939 4048; x_wconf 86' lang='lat' dir='ltr'>radicitus</span> <span class='ocrx_word' id='word_1_246' title='bbox 962 3985 1128 4064; x_wconf 87' lang='lat' dir='ltr'>extirpent.</span> <span class='ocrx_word' id='word_1_247' title='bbox 1164 3981 1311 4050; x_wconf 90' lang='lat' dir='ltr'>Sollicite</span> 
     </span>
     <span class='ocr_line' id='line_1_37' title="bbox 139 4069 1310 4153; baseline 0.006 -21"><span class='ocrx_word' id='word_1_248' title='bbox 139 4070 240 4150; x_wconf 91' lang='lat' dir='ltr'>igitur</span> <span class='ocrx_word' id='word_1_249' title='bbox 262 4071 513 4152; x_wconf 84' lang='lat' dir='ltr'>pervigilandum</span> <span class='ocrx_word' id='word_1_250' title='bbox 539 4077 597 4149; x_wconf 91' lang='lat' dir='ltr'>est,</span> <span class='ocrx_word' id='word_1_251' title='bbox 622 4077 658 4135; x_wconf 91' lang='lat' dir='ltr'>ut</span> <span class='ocrx_word' id='word_1_252' title='bbox 681 4069 844 4136; x_wconf 85' lang='lat' dir='ltr'>Catholica</span> <span class='ocrx_word' id='word_1_253' title='bbox 863 4072 1012 4153; x_wconf 88' lang='lat' dir='ltr'>juventus</span> <span class='ocrx_word' id='word_1_254' title='bbox 1035 4071 1067 4134; x_wconf 91' lang='lat' dir='ltr'>in</span> <span class='ocrx_word' id='word_1_255' title='bbox 1090 4069 1205 4135; x_wconf 93' lang='lat' dir='ltr'>scholis</span> <span class='ocrx_word' id='word_1_256' title='bbox 1229 4090 1310 4139; x_wconf 83' lang='lat' dir='ltr'>vera</span> 
     </span>
     <span class='ocr_line' id='line_1_38' title="bbox 143 4154 1308 4239; baseline 0.003 -19"><span class='ocrx_word' id='word_1_257' title='bbox 143 4154 204 4221; x_wconf 89' lang='lat' dir='ltr'>fide</span> <span class='ocrx_word' id='word_1_258' title='bbox 226 4164 259 4221; x_wconf 92' lang='lat' dir='ltr'>et</span> <span class='ocrx_word' id='word_1_259' title='bbox 281 4160 397 4223; x_wconf 90' lang='lat' dir='ltr'>sanctis</span> <span class='ocrx_word' id='word_1_260' title='bbox 420 4161 557 4224; x_wconf 91' lang='lat' dir='ltr'>moribus</span> <span class='ocrx_word' id='word_1_261' title='bbox 573 4161 634 4224; x_wconf 87' lang='lat' dir='ltr'>rite</span> <span class='ocrx_word' id='word_1_262' title='bbox 657 4160 853 4237; x_wconf 90' lang='lat' dir='ltr'>instituatur,</span> <span class='ocrx_word' id='word_1_263' title='bbox 878 4164 974 4239; x_wconf 92' lang='lat' dir='ltr'>prout</span> <span class='ocrx_word' id='word_1_264' title='bbox 996 4159 1028 4221; x_wconf 94' lang='lat' dir='ltr'>in</span> <span class='ocrx_word' id='word_1_265' title='bbox 1044 4158 1206 4222; x_wconf 88' lang='lat' dir='ltr'>schemate</span> <span class='ocrx_word' id='word_1_266' title='bbox 1226 4162 1308 4223; x_wconf 91' lang='lat' dir='ltr'>satis</span> 
     </span>
     <span class='ocr_line' id='line_1_39' title="bbox 142 4245 1308 4328; baseline 0 -20"><span class='ocrx_word' id='word_1_267' title='bbox 142 4245 261 4309; x_wconf 90' lang='lat' dir='ltr'>diserte</span> <span class='ocrx_word' id='word_1_268' title='bbox 284 4247 458 4328; x_wconf 83' lang='lat' dir='ltr'>exponitur.</span> <span class='ocrx_word' id='word_1_269' title='bbox 505 4247 566 4312; x_wconf 83' lang='lat' dir='ltr'>Sed</span> <span class='ocrx_word' id='word_1_270' title='bbox 589 4248 638 4311; x_wconf 84' lang='lat' dir='ltr'>aii</span> <span class='ocrx_word' id='word_1_271' title='bbox 660 4249 692 4311; x_wconf 93' lang='lat' dir='ltr'>in</span> <span class='ocrx_word' id='word_1_272' title='bbox 716 4266 752 4312; x_wconf 93' lang='lat' dir='ltr'>eo</span> <span class='ocrx_word' id='word_1_273' title='bbox 777 4246 894 4311; x_wconf 90' lang='lat' dir='ltr'>dictum</span> <span class='ocrx_word' id='word_1_274' title='bbox 919 4252 968 4310; x_wconf 92' lang='lat' dir='ltr'>est</span> <span class='ocrx_word' id='word_1_275' title='bbox 992 4246 1031 4310; x_wconf 92' lang='lat' dir='ltr'>de</span> <span class='ocrx_word' id='word_1_276' title='bbox 1054 4245 1170 4309; x_wconf 81' lang='lat' dir='ltr'>scimlc&#39;s</span> <span class='ocrx_word' id='word_1_277' title='bbox 1192 4247 1308 4309; x_wconf 77' lang='lat' dir='ltr'>mixtis</span> 
     </span>
     <span class='ocr_line' id='line_1_40' title="bbox 136 4333 1305 4417; baseline 0.003 -22"><span class='ocrx_word' id='word_1_278' title='bbox 136 4333 318 4412; x_wconf 83' lang='lat' dir='ltr'>quaelicet</span> <span class='ocrx_word' id='word_1_279' title='bbox 352 4336 433 4399; x_wconf 91' lang='lat' dir='ltr'>sicut</span> <span class='ocrx_word' id='word_1_280' title='bbox 457 4337 613 4415; x_wconf 90' lang='lat' dir='ltr'>quaedam</span> <span class='ocrx_word' id='word_1_281' title='bbox 647 4336 746 4417; x_wconf 92' lang='lat' dir='ltr'>pestis</span> <span class='ocrx_word' id='word_1_282' title='bbox 770 4353 942 4414; x_wconf 89' lang='lat' dir='ltr'>puerorum</span> <span class='ocrx_word' id='word_1_283' title='bbox 972 4339 1093 4398; x_wconf 91' lang='lat' dir='ltr'>mentes</span> <span class='ocrx_word' id='word_1_284' title='bbox 1117 4333 1168 4397; x_wconf 90' lang='lat' dir='ltr'>vel</span> <span class='ocrx_word' id='word_1_285' title='bbox 1191 4333 1305 4414; x_wconf 88' lang='lat' dir='ltr'>impie·</span> 
     </span>
    </p>
   </div>
   <div class='ocr_carea' id='block_1_12' title="bbox 0 0 1452 4874">
    <p class='ocr_par' dir='ltr' id='par_1_12' title="bbox 0 0 1452 4874">
     <span class='ocr_line' id='line_1_41' title="bbox 0 0 1452 4874; baseline 0 0"><span class='ocrx_word' id='word_1_286' title='bbox 0 0 1452 4874; x_wconf 95' lang='lat' dir='ltr'> </span> 
     </span>
    </p>
   </div>
  </div>
 </body>
</html>
