2872 4874
150 313 214 376 208
502 405 505 413 Ι
656 326 825 377 rosrumm

150 466 256 535 omnia
276 466 498 534 instauremus.
530 465 602 547 llja,
624 467 831 534 Venerabiles
846 466 969 548 Patres,
994 466 1197 548 celebremus,
1218 472 1287 534 ante

149 572 245 636 quam
259 554 444 621 dividamur
460 555 499 620 in
520 561 633 637 gentes
647 559 783 635 nostras,
807 554 1003 633 celebremus
1017 572 1132 621 nomen
1154 559 1286 629 nmmum.

147 640 271 709 JNSUS
285 643 371 709 enim
393 649 445 708 eet
458 649 605 709 sanetum
620 641 744 709 Nomen
758 648 911 720 nostrum,
934 640 1184 711 fundamentum.
1202 643 1287 721 robur,

148 729 248 796 virtus
269 735 366 812 atone
388 728 540 812 splendor
560 735 678 809 noster,
711 749 786 795 nam
807 731 877 812 ipse
906 731 994 795 dedit
1017 729 1227 812 Semetipsum
1245 749 1288 814 pro
1328 772 1330 801 ÷

147 817 248 884 nobis.
285 813 510 885 ¹Claritioemus
536 836 612 900 ergo
634 818 667 882 in
691 817 810 884 Missis.
826 835 898 884 cum
920 835 1003 883 noua
1024 816 1085 884 hac
1106 815 1289 884 Praelatione
1327 816 1330 853 ³

148 905 207 971 hoc
229 903 416 971 admirabile
437 905 569 972 Nomen.
604 904 813 983 Quamobrem
837 923 901 971 una
915 923 1037 971 mecum
1060 922 1188 986 quaeso,
1211 903 1288 973 ollo-

149 992 264 1059 clasiee
285 991 445 1072 Pastores,
470 991 560 1058 enixe
586 1011 624 1058 ae
646 993 838 1059 unanimiter
861 993 903 1058 ad
923 992 1066 1058 Primum
1087 999 1186 1074 atque
1207 992 1288 1059 Masi·

147 1098 234 1146 mum
249 1085 412 1162 pastorum
427 1081 566 1146 omnium
581 1079 820 1146 Sanctissimum
836 1080 1004 1147 Dominum
1019 1080 1109 1146 Pium
1124 1080 1288 1162 suppliciter

147 1168 283 1234 clamate
305 1173 433 1234 orantes
455 1173 492 1233 ut
514 1168 662 1251 dignetur
691 1166 849 1236 ineffabile
870 1167 972 1235 Just]
996 1167 1128 1248 Nomen,
1152 1168 1236 1250 quod
1252 1174 1287 1234 eat

147 1273 243 1337 super
264 1273 357 1322 amne
380 1270 501 1334 nomen,
525 1275 545 1322 a
567 1257 714 1338 generice
729 1274 842 1323 norma
864 1257 1018 1338 excipere,
1041 1274 1106 1337 qua
1127 1256 1188 1322 sibi
1209 1255 1287 1323 Sacra

146 1343 277 1409 Rituum
309 1340 523 1425 congregatio
553 1345 804 1427 praescripserat
837 1343 921 1408 ultra
950 1360 1049 1409 novas
1076 1361 1141 1409 non
1171 1342 1286 1410 addendi
1328 1342 1330 1347 '

148 1430 367 1497 concemienes
400 1450 551 1496 novarum
589 1432 623 1496 in
655 1432 758 1497 missis
796 1430 1034 1514 praefationum.
1090 1431 1184 1496 Adsit
1216 1430 1287 1497 nobb

147 1515 259 1585 efficax
279 1519 474 1599 praesidium
501 1519 724 1585 Sanctissimae
747 1519 884 1600 Virginis
915 1517 1036 1585 Mariae
1057 1519 1091 1584 in
1121 1537 1183 1585 sna
1204 1519 1286 1602 puris

147 1605 229 1671 sima
240 1603 457 1689 conceptione
473 1607 716 1687 Immaculatae3
738 1607 813 1688 Ipsa
834 1606 888 1689 pia
902 1606 999 1688 Virgo
1014 1611 1047 1671 et
1060 1605 1177 1686 Mater,
1208 1607 1287 1673 totius

144 1692 307 1759 Ecclesiae
340 1693 428 1760 hisee
450 1695 560 1760 diebus
593 1694 635 1760 ab
663 1695 768 1775 impiis
801 1693 1013 1759 labefactatae
1044 1711 1116 1776 spes
1148 1701 1181 1760 et
1203 1692 1287 1761 tutele

144 1779 340 1860 firmissima3
374 1783 448 1863 Ipsa
470 1800 552 1863 quae
581 1782 796 1847 interamnae
827 1783 1062 1863 protoparentis
1092 1779 1176 1847 filios
1206 1783 1288 1865 prim

144 1865 302 1934 ineffabile
324 1867 426 1934 JESU
448 1869 569 1935 Nomen
600 1870 640 1934 ab
663 1868 787 1951 Angelo
810 1869 927 1948 didicit,
961 1873 993 1935 et
1014 1886 1090 1934 vere
1111 1868 1232 1936 factum
1252 1876 1287 1935 est

15 1994 21 2035 ς
144 1957 177 2020 in
199 1973 253 2022 cor
275 1957 344 2039 ejus
366 1956 426 2022 hoc
460 1964 604 2022 sanetum
628 1957 748 2022 Nomen
779 1956 891 2022 Oleum
920 1954 1066 2035 effusrun,
1096 1959 1185 2038 quod
1205 1964 1288 2023 totam

144 2043 223 2109 mira
245 2044 411 2109 dulcedine
442 2045 511 2125 ejus
534 2044 667 2126 replevit
690 2045 836 2125 animam,
866 2045 936 2125 ipsa
959 2044 1144 2111 dulcissima
1176 2064 1214 2111 ae
1232 2063 1287 2128 gra·

143 2132 267 2197 tissima
294 2131 400 2196 Mater
422 2150 520 2197 novas
553 2131 625 2197 huic
649 2131 855 2197 Sanctissimo
886 2131 1012 2197 Nemini
1033 2150 1118 2197 nunc
1149 2132 1283 2215 rependat

142 2218 236 2300 dces,
268 2225 306 2285 ut
327 2220 592 2301 quemadmodum
620 2221 654 2284 in
675 2220 809 2285 Nomine
831 2219 933 2286 JESU
961 2220 1145 2300 dogmatum
1169 2220 1281 2286 omniun

143 2303 346 2389 Compendio,
363 2308 519 2372 sexdecim
542 2307 670 2373 abhinc
693 2309 783 2372 annis
799 2326 819 2372 a
833 2307 890 2373 Pio
907 2305 1131 2388 conceptionis
1154 2304 1284 2374 Pandite

141 2399 210 2459 tam
232 2394 369 2476 gloriose
395 2395 429 2459 in
461 2394 641 2476 dogmatica
670 2393 850 2461 definitione
872 2395 1100 2461 Immaculatae
1124 2413 1203 2462 suae
1225 2393 1287 2461 Oan-

142 2482 297 2563 ceptionis
320 2480 506 2548 charificata
526 2480 597 2563 fuit,
620 2483 667 2547 sic
688 2483 759 2563 ipsa
781 2501 865 2547 nunc
880 2487 1022 2567 praestet
1048 2490 1085 2548 ut
1106 2484 1287 2564 praedictam

142 2567 329 2635 admirabile
351 2568 475 2634 Nomen
496 2587 577 2635 novo
604 2569 724 2635 honore
747 2586 817 2635 cum
839 2588 922 2636 nova
943 2571 1003 2636 hac
1024 2570 1058 2635 in
1079 2571 1189 2637 missis
1210 2571 1288 2636 Prae

141 2654 260 2721 latione
283 2654 483 2724 clarificetur.
522 2657 574 2724 Sic
595 2662 709 2739 postea
731 2657 772 2723 ad
787 2676 862 2724 oves
883 2662 1009 2725 nostras
1032 2660 1194 2724 reversuri
1208 2673 1287 2725 novas

140 2742 252 2808 laudes
290 2744 402 2809 Eidem
439 2745 646 2811 sanctissimo
677 2745 804 2811 Nemini
838 2746 1051 2813 exsultantibus
1090 2748 1205 2813 animis
1231 2762 1288 2813 con·

142 2831 293 2898 binemus.
339 2832 421 2913 Fiat,
445 2830 512 2900 fiat.

277 2974 299 3054 †
321 2972 463 3055 Rapbael
485 2973 749 3056 archiepiscopus
771 2973 963 3042 Brundusin.
986 2973 1024 3042 A.
1046 2972 1083 3038 P.
1107 2972 1257 3040 Ostunen.

616 3220 827 3230 m

523 3427 579 3510 16.
620 3424 928 3510 edelbaldum

197 3600 254 3666 UT
276 3600 439 3668 SANOTO
461 3601 650 3670 JOSEPHO
672 3600 842 3668 ΒΕΑΤΑΕ
869 3600 1033 3667 MARIAE
1055 3600 1244 3691 VIRGINIS

227 3706 386 3774 SPONSO
409 3708 455 3774 IN
477 3706 614 3773 SAORA
635 3707 838 3774 LITURGIA
853 3706 998 3772 DEBITI
1016 3707 1217 3774 HONORES

561 3811 887 3878 DEGERNANTUR.

243 3970 384 4036 Beatam
402 3969 587 4050 Josepbam,
611 3970 764 4052 singulari
780 3972 840 4036 Dei
860 3970 1067 4052 providentia,
1090 3988 1168 4051 prae
1193 3969 1297 4036 aeteus

139 4060 293 4124 creaturis
317 4060 453 4125 electum
475 4057 580 4138 fuisse,
605 4063 641 4122 ut
655 4059 813 4140 Deiparae
828 4059 969 4140 Virginis
991 4056 1135 4138 sponsae
1158 4064 1192 4122 et
1208 4055 1297 4124 Verbi

137 4146 302 4228 incarnati,
326 4165 390 4212 non
413 4147 617 4228 generatione
633 4147 768 4226 quidem,
793 4147 850 4210 sed
874 4146 1039 4225 charitate,
1064 4145 1242 4226 adoptione,
1263 4161 1297 4208 ao

137 4236 327 4301 matrimonii
340 4238 422 4318 jure,
438 4233 540 4299 Potor
555 4251 625 4300 esse
641 4239 827 4314 mereretur,
843 4252 935 4299 nemo
951 4251 1033 4298 unus
1055 4234 1193 4316 ignorat.
1216 4231 1297 4297 Adeo

9 4326 12 4332 '
137 4327 187 4404 ut,
211 4324 328 4389 nedum
357 4323 392 4386 in
425 4322 525 4388 sacris
553 4321 724 4402 evangeliis
754 4326 849 4403 atque
881 4321 921 4388 ab
950 4321 1087 4404 ipsamet
1114 4320 1297 4389 Beatissimo
