<?xml version="1.0" encoding="UTF-8"?>
<!DOCTYPE html PUBLIC "-//W3C//DTD XHTML 1.0 Transitional//EN"
    "http://www.w3.org/TR/xhtml1/DTD/xhtml1-transitional.dtd">
<html xmlns="http://www.w3.org/1999/xhtml" xml:lang="en" lang="en">
 <head>
  <title>
</title>
<meta http-equiv="Content-Type" content="text/html;charset=utf-8" />
  <meta name='ocr-system' content='tesseract 3.04.00' />
  <meta name='ocr-capabilities' content='ocr_page ocr_carea ocr_par ocr_line ocrx_word'/>
</head>
<body>
  <div class='ocr_page' id='page_1' title='image "./omniumconciliiv00martgoog_0101.png"; bbox 0 0 2872 4874; ppageno 0'>
   <div class='ocr_carea' id='block_1_1' title="bbox 710 309 879 356">
    <p class='ocr_par' dir='ltr' id='par_1_1' title="bbox 710 309 879 356">
     <span class='ocr_line' id='line_1_1' title="bbox 710 309 879 356; baseline 0 0"><span class='ocrx_word' id='word_1_1' title='bbox 710 309 879 356; x_wconf 72' lang='lat' dir='ltr'>Postumi</span> 
     </span>
    </p>
   </div>
   <div class='ocr_carea' id='block_1_2' title="bbox 502 552 980 695">
    <p class='ocr_par' dir='ltr' id='par_1_2' title="bbox 502 552 980 695">
     <span class='ocr_line' id='line_1_2' title="bbox 502 552 980 695; baseline 0.006 -27"><span class='ocrx_word' id='word_1_2' title='bbox 502 672 507 695; x_wconf 59' lang='lat'>,</span> <span class='ocrx_word' id='word_1_3' title='bbox 614 587 648 669; x_wconf 85' lang='lat' dir='ltr'>a</span> <span class='ocrx_word' id='word_1_4' title='bbox 675 552 980 671; x_wconf 81' lang='lat' dir='ltr'>aosrnnlnuu</span> 
     </span>
    </p>
   </div>
   <div class='ocr_carea' id='block_1_3' title="bbox 225 756 1369 937">
    <p class='ocr_par' dir='ltr' id='par_1_3' title="bbox 225 756 1369 937">
     <span class='ocr_line' id='line_1_3' title="bbox 225 756 1369 830; baseline 0.001 -1"><span class='ocrx_word' id='word_1_5' title='bbox 225 756 415 830; x_wconf 85' lang='lat' dir='ltr'>EPISGOPI</span> <span class='ocrx_word' id='word_1_6' title='bbox 436 762 845 830; x_wconf 78' lang='lat' dir='ltr'>HALICARNASSENSIS</span> <span class='ocrx_word' id='word_1_7' title='bbox 869 764 926 829; x_wconf 89' lang='lat' dir='ltr'>AD</span> <span class='ocrx_word' id='word_1_8' title='bbox 948 763 1099 830; x_wconf 83' lang='lat' dir='ltr'><strong>VARIAS</strong></span> <span class='ocrx_word' id='word_1_9' title='bbox 1125 763 1369 830; x_wconf 72' lang='lat' dir='ltr'>DOCTRINAS</span> 
     </span>
     <span class='ocr_line' id='line_1_4' title="bbox 528 867 1060 937; baseline 0.002 -3"><span class='ocrx_word' id='word_1_10' title='bbox 528 870 586 934; x_wconf 87' lang='lat' dir='ltr'>DE</span> <span class='ocrx_word' id='word_1_11' title='bbox 608 867 813 935; x_wconf 83' lang='lat' dir='ltr'>ECCLESIA</span> <span class='ocrx_word' id='word_1_12' title='bbox 837 868 1060 937; x_wconf 82' lang='lat' dir='ltr'>SPECTANS.</span> 
     </span>
    </p>
   </div>
   <div class='ocr_carea' id='block_1_4' title="bbox 216 1025 1399 1374">
    <p class='ocr_par' dir='ltr' id='par_1_4' title="bbox 216 1025 1387 1196">
     <span class='ocr_line' id='line_1_5' title="bbox 321 1025 1387 1095; baseline 0.004 -5"><span class='ocrx_word' id='word_1_13' title='bbox 321 1027 450 1092; x_wconf 80' lang='lat' dir='ltr'>Placeat</span> <span class='ocrx_word' id='word_1_14' title='bbox 467 1027 552 1092; x_wconf 86' lang='lat' dir='ltr'>Er&#39;nis</span> <span class='ocrx_word' id='word_1_15' title='bbox 576 1032 610 1092; x_wconf 89' lang='lat' dir='ltr'>et</span> <span class='ocrx_word' id='word_1_16' title='bbox 631 1027 720 1091; x_wconf 84' lang='lat' dir='ltr'>Rriris</span> <span class='ocrx_word' id='word_1_17' title='bbox 736 1027 884 1093; x_wconf 88' lang='lat' dir='ltr'>Patribus</span> <span class='ocrx_word' id='word_1_18' title='bbox 900 1025 1031 1094; x_wconf 92' lang='lat' dir='ltr'>Concilii</span> <span class='ocrx_word' id='word_1_19' title='bbox 1046 1029 1195 1095; x_wconf 87' lang='lat' dir='ltr'>Vaticani</span> <span class='ocrx_word' id='word_1_20' title='bbox 1218 1028 1387 1094; x_wconf 88' lang='lat' dir='ltr'>declarare</span> 
     </span>
     <span class='ocr_line' id='line_1_6' title="bbox 216 1120 513 1196; baseline -0.013 -15"><span class='ocrx_word' id='word_1_21' title='bbox 216 1135 298 1196; x_wconf 90' lang='lat' dir='ltr'>quae</span> <span class='ocrx_word' id='word_1_22' title='bbox 322 1120 513 1196; x_wconf 91' lang='lat' dir='ltr'>sequuntur:</span> 
     </span>
    </p>

    <p class='ocr_par' dir='ltr' id='par_1_5' title="bbox 216 1202 1399 1374">
     <span class='ocr_line' id='line_1_7' title="bbox 324 1202 1399 1289; baseline 0.002 -23"><span class='ocrx_word' id='word_1_23' title='bbox 324 1209 352 1267; x_wconf 92' lang='grc'>1.</span> <span class='ocrx_word' id='word_1_24' title='bbox 376 1202 476 1268; x_wconf 89' lang='lat' dir='ltr'>Civile</span> <span class='ocrx_word' id='word_1_25' title='bbox 494 1203 668 1284; x_wconf 89' lang='lat' dir='ltr'>imperium,</span> <span class='ocrx_word' id='word_1_26' title='bbox 692 1222 753 1285; x_wconf 90' lang='lat' dir='ltr'>quo</span> <span class='ocrx_word' id='word_1_27' title='bbox 768 1204 882 1271; x_wconf 80' lang='lat' dir='ltr'>Pastor</span> <span class='ocrx_word' id='word_1_28' title='bbox 897 1204 1097 1286; x_wconf 83' lang='lat' dir='ltr'>Apostolicus</span> <span class='ocrx_word' id='word_1_29' title='bbox 1113 1206 1233 1270; x_wconf 86' lang='lat' dir='ltr'>Romae</span> <span class='ocrx_word' id='word_1_30' title='bbox 1257 1205 1399 1289; x_wconf 86' lang='lat' dir='ltr'>potitur¹</span> 
     </span>
     <span class='ocr_line' id='line_1_8' title="bbox 216 1290 1391 1374; baseline 0.002 -20"><span class='ocrx_word' id='word_1_31' title='bbox 216 1295 320 1356; x_wconf 87' lang='lat' dir='ltr'>itaut</span> <span class='ocrx_word' id='word_1_32' title='bbox 349 1291 427 1355; x_wconf 91' lang='lat' dir='ltr'>nulli</span> <span class='ocrx_word' id='word_1_33' title='bbox 448 1290 587 1372; x_wconf 89' lang='lat' dir='ltr'>Principi</span> <span class='ocrx_word' id='word_1_34' title='bbox 609 1291 745 1358; x_wconf 90' lang='lat' dir='ltr'>humano</span> <span class='ocrx_word' id='word_1_35' title='bbox 777 1293 948 1374; x_wconf 91' lang='lat' dir='ltr'>subjaceat,</span> <span class='ocrx_word' id='word_1_36' title='bbox 984 1292 1024 1356; x_wconf 98' lang='lat' dir='ltr'>ad</span> <span class='ocrx_word' id='word_1_37' title='bbox 1052 1292 1185 1358; x_wconf 85' lang='lat' dir='ltr'>liberam</span> <span class='ocrx_word' id='word_1_38' title='bbox 1216 1291 1391 1358; x_wconf 80' lang='lat' dir='ltr'>Ecclesiae</span> 
     </span>
    </p>
   </div>
   <div class='ocr_carea' id='block_1_5' title="bbox 107 1377 1384 1462">
    <p class='ocr_par' dir='ltr' id='par_1_6' title="bbox 107 1377 1384 1462">
     <span class='ocr_line' id='line_1_9' title="bbox 107 1377 1384 1462; baseline 0 -18"><span class='ocrx_word' id='word_1_39' title='bbox 107 1452 109 1455; x_wconf 53' lang='grc'><strong>,</strong></span> <span class='ocrx_word' id='word_1_40' title='bbox 217 1377 397 1445; x_wconf 81' lang='lat' dir='ltr'>Catholicae</span> <span class='ocrx_word' id='word_1_41' title='bbox 414 1378 720 1445; x_wconf 85' lang='lat' dir='ltr'>administrationem</span> <span class='ocrx_word' id='word_1_42' title='bbox 742 1380 985 1462; x_wconf 88' lang='lat' dir='ltr'>indispensabile</span> <span class='ocrx_word' id='word_1_43' title='bbox 1001 1385 1060 1457; x_wconf 88' lang='lat' dir='ltr'>est,</span> <span class='ocrx_word' id='word_1_44' title='bbox 1085 1385 1118 1446; x_wconf 88' lang='lat' dir='ltr'>et</span> <span class='ocrx_word' id='word_1_45' title='bbox 1133 1381 1280 1446; x_wconf 89' lang='lat' dir='ltr'>omnibus</span> <span class='ocrx_word' id='word_1_46' title='bbox 1301 1381 1384 1462; x_wconf 89' lang='lat' dir='ltr'>jnri·</span> 
     </span>
    </p>
   </div>
   <div class='ocr_carea' id='block_1_6' title="bbox 218 2715 406 2791">
    <p class='ocr_par' dir='ltr' id='par_1_7' title="bbox 218 2715 406 2791">
     <span class='ocr_line' id='line_1_10' title="bbox 218 2715 406 2791; baseline -0.011 -17"><span class='ocrx_word' id='word_1_47' title='bbox 218 2715 406 2791; x_wconf 80' lang='lat' dir='ltr'>sequuntur:</span> 
     </span>
    </p>
   </div>
   <div class='ocr_carea' id='block_1_7' title="bbox 180 1465 1386 2076">
    <p class='ocr_par' dir='ltr' id='par_1_8' title="bbox 180 1465 1386 1708">
     <span class='ocr_line' id='line_1_11' title="bbox 216 1465 1386 1550; baseline 0.003 -19"><span class='ocrx_word' id='word_1_48' title='bbox 216 1467 276 1532; x_wconf 89' lang='lat' dir='ltr'>bus</span> <span class='ocrx_word' id='word_1_49' title='bbox 298 1465 429 1548; x_wconf 81' lang='lat' dir='ltr'>iulium3</span> <span class='ocrx_word' id='word_1_50' title='bbox 453 1467 536 1531; x_wconf 89' lang='lat' dir='ltr'>unde</span> <span class='ocrx_word' id='word_1_51' title='bbox 559 1466 653 1548; x_wconf 87' lang='lat' dir='ltr'>hujus</span> <span class='ocrx_word' id='word_1_52' title='bbox 676 1469 799 1549; x_wconf 87' lang='lat' dir='ltr'>imperii</span> <span class='ocrx_word' id='word_1_53' title='bbox 825 1468 932 1543; x_wconf 81' lang='lat' dir='ltr'>laesio,</span> <span class='ocrx_word' id='word_1_54' title='bbox 957 1469 1092 1550; x_wconf 83' lang='lat' dir='ltr'>direptio</span> <span class='ocrx_word' id='word_1_55' title='bbox 1116 1475 1173 1533; x_wconf 91' lang='lat' dir='ltr'>aut</span> <span class='ocrx_word' id='word_1_56' title='bbox 1201 1469 1386 1534; x_wconf 84' lang='lat' dir='ltr'>immutatio</span> 
     </span>
     <span class='ocr_line' id='line_1_12' title="bbox 217 1554 1385 1638; baseline 0.001 -19"><span class='ocrx_word' id='word_1_57' title='bbox 217 1556 283 1619; x_wconf 86' lang='lat' dir='ltr'>siae</span> <span class='ocrx_word' id='word_1_58' title='bbox 299 1555 465 1636; x_wconf 86' lang='lat' dir='ltr'>sacrilegio</span> <span class='ocrx_word' id='word_1_59' title='bbox 488 1560 521 1618; x_wconf 89' lang='lat' dir='ltr'>et</span> <span class='ocrx_word' id='word_1_60' title='bbox 543 1555 706 1622; x_wconf 89' lang='lat' dir='ltr'>latrocinio</span> <span class='ocrx_word' id='word_1_61' title='bbox 722 1554 790 1620; x_wconf 88' lang='lat' dir='ltr'>ficri</span> <span class='ocrx_word' id='word_1_62' title='bbox 812 1557 930 1638; x_wconf 87' lang='lat' dir='ltr'>nequit,</span> <span class='ocrx_word' id='word_1_63' title='bbox 955 1562 989 1622; x_wconf 91' lang='lat' dir='ltr'>et</span> <span class='ocrx_word' id='word_1_64' title='bbox 1011 1574 1102 1621; x_wconf 90' lang='lat' dir='ltr'>reum</span> <span class='ocrx_word' id='word_1_65' title='bbox 1125 1557 1385 1621; x_wconf 87' lang='lat' dir='ltr'>acommunione</span> 
     </span>
     <span class='ocr_line' id='line_1_13' title="bbox 180 1641 547 1708; baseline 0 -2"><span class='ocrx_word' id='word_1_66' title='bbox 180 1653 191 1666; x_wconf 77' lang='grc'><strong>“</strong></span> <span class='ocrx_word' id='word_1_67' title='bbox 217 1641 378 1708; x_wconf 85' lang='lat' dir='ltr'>Ecclesiae</span> <span class='ocrx_word' id='word_1_68' title='bbox 402 1642 547 1708; x_wconf 86' lang='lat' dir='ltr'>excludit.</span> 
     </span>
    </p>

    <p class='ocr_par' dir='ltr' id='par_1_9' title="bbox 216 1729 1385 2076">
     <span class='ocr_line' id='line_1_14' title="bbox 324 1729 1385 1814; baseline 0.002 -19"><span class='ocrx_word' id='word_1_69' title='bbox 324 1736 353 1797; x_wconf 84' lang='lat'>2.</span> <span class='ocrx_word' id='word_1_70' title='bbox 397 1731 501 1812; x_wconf 81' lang='lat' dir='ltr'>Reges</span> <span class='ocrx_word' id='word_1_71' title='bbox 532 1729 714 1811; x_wconf 83' lang='lat' dir='ltr'>Christiani,</span> <span class='ocrx_word' id='word_1_72' title='bbox 749 1750 811 1797; x_wconf 92' lang='lat' dir='ltr'>non</span> <span class='ocrx_word' id='word_1_73' title='bbox 850 1732 952 1796; x_wconf 92' lang='lat' dir='ltr'>minus</span> <span class='ocrx_word' id='word_1_74' title='bbox 987 1750 1082 1814; x_wconf 89' lang='lat' dir='ltr'>quam</span> <span class='ocrx_word' id='word_1_75' title='bbox 1117 1750 1225 1812; x_wconf 82' lang='lat' dir='ltr'>eorum</span> <span class='ocrx_word' id='word_1_76' title='bbox 1261 1732 1385 1797; x_wconf 87' lang='lat' dir='ltr'>subditi·</span> 
     </span>
     <span class='ocr_line' id='line_1_15' title="bbox 218 1816 1384 1900; baseline 0.003 -19"><span class='ocrx_word' id='word_1_77' title='bbox 218 1816 387 1899; x_wconf 87' lang='lat' dir='ltr'>christiani,</span> <span class='ocrx_word' id='word_1_78' title='bbox 421 1816 526 1900; x_wconf 89' lang='lat' dir='ltr'>Capiti</span> <span class='ocrx_word' id='word_1_79' title='bbox 553 1819 718 1885; x_wconf 82' lang='lat' dir='ltr'>Ecclesiae</span> <span class='ocrx_word' id='word_1_80' title='bbox 748 1820 926 1885; x_wconf 90' lang='lat' dir='ltr'>subduntur</span> <span class='ocrx_word' id='word_1_81' title='bbox 957 1825 989 1884; x_wconf 91' lang='lat' dir='ltr'>et</span> <span class='ocrx_word' id='word_1_82' title='bbox 1016 1821 1232 1886; x_wconf 89' lang='lat' dir='ltr'>obedientiam</span> <span class='ocrx_word' id='word_1_83' title='bbox 1262 1819 1384 1885; x_wconf 89' lang='lat' dir='ltr'>debent</span> 
     </span>
     <span class='ocr_line' id='line_1_16' title="bbox 216 1906 1383 1989; baseline 0.003 -21"><span class='ocrx_word' id='word_1_84' title='bbox 216 1907 251 1969; x_wconf 92' lang='lat' dir='ltr'>in</span> <span class='ocrx_word' id='word_1_85' title='bbox 274 1906 418 1971; x_wconf 91' lang='lat' dir='ltr'>omnibus</span> <span class='ocrx_word' id='word_1_86' title='bbox 442 1907 536 1972; x_wconf 89' lang='lat' dir='ltr'>rebus</span> <span class='ocrx_word' id='word_1_87' title='bbox 568 1909 787 1972; x_wconf 85' lang='lat' dir='ltr'>conscientiam</span> <span class='ocrx_word' id='word_1_88' title='bbox 817 1908 969 1973; x_wconf 90' lang='lat' dir='ltr'>moralem</span> <span class='ocrx_word' id='word_1_89' title='bbox 992 1909 1131 1989; x_wconf 92' lang='lat' dir='ltr'>ipsorum</span> <span class='ocrx_word' id='word_1_90' title='bbox 1165 1908 1383 1988; x_wconf 89' lang='lat' dir='ltr'>cernentibus,</span> 
     </span>
     <span class='ocr_line' id='line_1_17' title="bbox 217 1995 940 2076; baseline 0.001 -18"><span class='ocrx_word' id='word_1_91' title='bbox 217 2012 293 2075; x_wconf 83' lang='lat' dir='ltr'>ergo</span> <span class='ocrx_word' id='word_1_92' title='bbox 317 1996 412 2060; x_wconf 87' lang='lat' dir='ltr'>etiam</span> <span class='ocrx_word' id='word_1_93' title='bbox 434 1995 466 2058; x_wconf 92' lang='lat' dir='ltr'>in</span> <span class='ocrx_word' id='word_1_94' title='bbox 490 1996 639 2061; x_wconf 84' lang='lat' dir='ltr'>exercitio</span> <span class='ocrx_word' id='word_1_95' title='bbox 663 2014 740 2060; x_wconf 87' lang='lat' dir='ltr'>suae</span> <span class='ocrx_word' id='word_1_96' title='bbox 762 1997 940 2076; x_wconf 87' lang='lat' dir='ltr'>potestatis.</span> 
     </span>
    </p>
   </div>
   <div class='ocr_carea' id='block_1_8' title="bbox 321 2116 842 2184">
    <p class='ocr_par' dir='ltr' id='par_1_10' title="bbox 321 2116 842 2184">
     <span class='ocr_line' id='line_1_18' title="bbox 321 2116 842 2184; baseline 0.006 -3"><span class='ocrx_word' id='word_1_97' title='bbox 321 2117 439 2182; x_wconf 86' lang='lat' dir='ltr'>Romae</span> <span class='ocrx_word' id='word_1_98' title='bbox 464 2116 513 2181; x_wconf 89' lang='lat' dir='ltr'>die</span> <span class='ocrx_word' id='word_1_99' title='bbox 537 2121 556 2182; x_wconf 87' lang='lat'><em>8</em></span> <span class='ocrx_word' id='word_1_100' title='bbox 579 2116 723 2181; x_wconf 79' lang='lat' dir='ltr'>ianuarii</span> <span class='ocrx_word' id='word_1_101' title='bbox 750 2121 842 2184; x_wconf 82' lang='lat'>1870.</span> 
     </span>
    </p>
   </div>
   <div class='ocr_carea' id='block_1_9' title="bbox 693 2311 903 2320">
    <p class='ocr_par' dir='ltr' id='par_1_11' title="bbox 693 2311 903 2320">
     <span class='ocr_line' id='line_1_19' title="bbox 693 2311 903 2320; baseline 0.019 -4"><span class='ocrx_word' id='word_1_102' title='bbox 693 2311 903 2320; x_wconf 43' lang='lat' dir='ltr'>——ss</span> 
     </span>
    </p>
   </div>
   <div class='ocr_carea' id='block_1_10' title="bbox 558 2480 1047 2562">
    <p class='ocr_par' dir='ltr' id='par_1_12' title="bbox 558 2480 1047 2562">
     <span class='ocr_line' id='line_1_20' title="bbox 558 2480 1047 2562; baseline 0.002 -16"><span class='ocrx_word' id='word_1_103' title='bbox 558 2481 610 2547; x_wconf 88' lang='lat' dir='ltr'>Dc</span> <span class='ocrx_word' id='word_1_104' title='bbox 625 2485 783 2562; x_wconf 70' lang='lat' dir='ltr'>potestate</span> <span class='ocrx_word' id='word_1_105' title='bbox 805 2480 1047 2547; x_wconf 78' lang='lat' dir='ltr'>Ecclesiastico.</span> 
     </span>
    </p>
   </div>
   <div class='ocr_carea' id='block_1_11' title="bbox 324 2621 1390 2708">
    <p class='ocr_par' dir='ltr' id='par_1_13' title="bbox 324 2621 1390 2708">
     <span class='ocr_line' id='line_1_21' title="bbox 324 2621 1390 2708; baseline 0.006 -22"><span class='ocrx_word' id='word_1_106' title='bbox 324 2622 454 2686; x_wconf 88' lang='lat' dir='ltr'>Placeat</span> <span class='ocrx_word' id='word_1_107' title='bbox 487 2622 642 2687; x_wconf 90' lang='lat' dir='ltr'>Vaticano</span> <span class='ocrx_word' id='word_1_108' title='bbox 679 2621 818 2688; x_wconf 81' lang='lat' dir='ltr'>Concilio</span> <span class='ocrx_word' id='word_1_109' title='bbox 854 2621 1063 2688; x_wconf 89' lang='lat' dir='ltr'>Oecumenico</span> <span class='ocrx_word' id='word_1_110' title='bbox 1098 2624 1263 2690; x_wconf 88' lang='lat' dir='ltr'>declarare</span> <span class='ocrx_word' id='word_1_111' title='bbox 1300 2644 1390 2708; x_wconf 88' lang='lat' dir='ltr'>quae</span> 
     </span>
    </p>
   </div>
   <div class='ocr_carea' id='block_1_12' title="bbox 264 2762 1402 2879">
    <p class='ocr_par' dir='ltr' id='par_1_14' title="bbox 264 2762 1402 2879">
     <span class='ocr_line' id='line_1_22' title="bbox 264 2762 1402 2879; baseline 0.004 -16"><span class='ocrx_word' id='word_1_112' title='bbox 264 2804 268 2827; x_wconf 88' lang='grc'>“·</span> <span class='ocrx_word' id='word_1_113' title='bbox 328 2803 355 2862; x_wconf 94' lang='grc'>1.</span> <span class='ocrx_word' id='word_1_114' title='bbox 391 2798 533 2864; x_wconf 85' lang='lat' dir='ltr'>Ecclesia</span> <span class='ocrx_word' id='word_1_115' title='bbox 556 2803 592 2862; x_wconf 89' lang='lat' dir='ltr'>ut</span> <span class='ocrx_word' id='word_1_116' title='bbox 614 2799 749 2864; x_wconf 87' lang='lat' dir='ltr'>societas</span> <span class='ocrx_word' id='word_1_117' title='bbox 777 2796 918 2879; x_wconf 86' lang='lat' dir='ltr'>perfecta</span> <span class='ocrx_word' id='word_1_118' title='bbox 941 2817 961 2863; x_wconf 90' lang='lat' dir='ltr'>a</span> <span class='ocrx_word' id='word_1_119' title='bbox 983 2796 1109 2864; x_wconf 90' lang='lat' dir='ltr'>Christo</span> <span class='ocrx_word' id='word_1_120' title='bbox 1133 2799 1268 2865; x_wconf 91' lang='lat' dir='ltr'>Domino</span> <span class='ocrx_word' id='word_1_121' title='bbox 1293 2762 1402 2867; x_wconf 64' lang='grc' dir='ltr'>ἰιιεῐί-μ</span> 
     </span>
    </p>
   </div>
   <div class='ocr_carea' id='block_1_13' title="bbox 92 2877 1390 2967">
    <p class='ocr_par' dir='ltr' id='par_1_15' title="bbox 92 2877 1390 2967">
     <span class='ocr_line' id='line_1_23' title="bbox 92 2877 1390 2967; baseline 0.005 -19"><span class='ocrx_word' id='word_1_122' title='bbox 92 2877 95 2882; x_wconf 77' lang='grc'><strong>’</strong></span> <span class='ocrx_word' id='word_1_123' title='bbox 140 2958 143 2962; x_wconf 49' lang='grc'>,</span> <span class='ocrx_word' id='word_1_124' title='bbox 219 2891 300 2964; x_wconf 88' lang='lat' dir='ltr'>tuta,</span> <span class='ocrx_word' id='word_1_125' title='bbox 335 2885 532 2951; x_wconf 88' lang='lat' dir='ltr'>Gubernium</span> <span class='ocrx_word' id='word_1_126' title='bbox 555 2886 651 2952; x_wconf 87' lang='lat' dir='ltr'>habet</span> <span class='ocrx_word' id='word_1_127' title='bbox 682 2891 884 2967; x_wconf 86' lang='lat' dir='ltr'>apotestate</span> <span class='ocrx_word' id='word_1_128' title='bbox 915 2887 999 2952; x_wconf 91' lang='lat' dir='ltr'>civili</span> <span class='ocrx_word' id='word_1_129' title='bbox 1027 2887 1209 2953; x_wconf 85' lang='lat' dir='ltr'>distinctum</span> <span class='ocrx_word' id='word_1_130' title='bbox 1238 2895 1271 2954; x_wconf 88' lang='lat' dir='ltr'>et</span> <span class='ocrx_word' id='word_1_131' title='bbox 1295 2890 1390 2956; x_wconf 91' lang='lat' dir='ltr'>inde-</span> 
     </span>
    </p>
   </div>
   <div class='ocr_carea' id='block_1_14' title="bbox 156 2974 1390 4112">
    <p class='ocr_par' dir='ltr' id='par_1_16' title="bbox 219 2974 1390 3496">
     <span class='ocr_line' id='line_1_24' title="bbox 219 2974 1390 3057; baseline 0.005 -19"><span class='ocrx_word' id='word_1_132' title='bbox 219 2975 371 3056; x_wconf 81' lang='lat' dir='ltr'>pendens,</span> <span class='ocrx_word' id='word_1_133' title='bbox 404 2993 462 3040; x_wconf 92' lang='lat' dir='ltr'>nec</span> <span class='ocrx_word' id='word_1_134' title='bbox 495 2976 536 3041; x_wconf 89' lang='lat' dir='ltr'>ab</span> <span class='ocrx_word' id='word_1_135' title='bbox 569 2975 632 3039; x_wconf 88' lang='lat' dir='ltr'>ista</span> <span class='ocrx_word' id='word_1_136' title='bbox 666 2974 784 3055; x_wconf 88' lang='lat' dir='ltr'>privari</span> <span class='ocrx_word' id='word_1_137' title='bbox 820 2979 926 3056; x_wconf 89' lang='lat' dir='ltr'>potest</span> <span class='ocrx_word' id='word_1_138' title='bbox 960 2992 1018 3038; x_wconf 95' lang='lat' dir='ltr'>sua</span> <span class='ocrx_word' id='word_1_139' title='bbox 1051 2975 1195 3057; x_wconf 83' lang='lat' dir='ltr'>legitima</span> <span class='ocrx_word' id='word_1_140' title='bbox 1227 2975 1390 3044; x_wconf 89' lang='lat' dir='ltr'>facultate</span> 
     </span>
     <span class='ocr_line' id='line_1_25' title="bbox 220 3062 1388 3148; baseline 0.005 -22"><span class='ocrx_word' id='word_1_141' title='bbox 220 3062 384 3140; x_wconf 86' lang='lat' dir='ltr'>existendi,</span> <span class='ocrx_word' id='word_1_142' title='bbox 410 3063 533 3144; x_wconf 83' lang='lat' dir='ltr'>agendi,</span> <span class='ocrx_word' id='word_1_143' title='bbox 557 3062 643 3144; x_wconf 84' lang='lat' dir='ltr'>leges</span> <span class='ocrx_word' id='word_1_144' title='bbox 666 3062 796 3141; x_wconf 86' lang='lat' dir='ltr'>ferendi,</span> <span class='ocrx_word' id='word_1_145' title='bbox 820 3064 963 3144; x_wconf 90' lang='lat' dir='ltr'>bonaque</span> <span class='ocrx_word' id='word_1_146' title='bbox 983 3063 1172 3144; x_wconf 90' lang='lat' dir='ltr'>temporalia</span> <span class='ocrx_word' id='word_1_147' title='bbox 1192 3083 1250 3147; x_wconf 87' lang='lat' dir='ltr'>pro</span> <span class='ocrx_word' id='word_1_148' title='bbox 1273 3083 1388 3148; x_wconf 88' lang='lat' dir='ltr'>super·</span> 
     </span>
     <span class='ocr_line' id='line_1_26' title="bbox 219 3149 1385 3232; baseline 0.002 -16"><span class='ocrx_word' id='word_1_149' title='bbox 219 3151 268 3216; x_wconf 88' lang='lat' dir='ltr'>nis</span> <span class='ocrx_word' id='word_1_150' title='bbox 290 3149 405 3215; x_wconf 91' lang='lat' dir='ltr'>finibus</span> <span class='ocrx_word' id='word_1_151' title='bbox 428 3151 493 3216; x_wconf 88' lang='lat' dir='ltr'>suis</span> <span class='ocrx_word' id='word_1_152' title='bbox 523 3151 714 3232; x_wconf 84' lang='lat' dir='ltr'>acquirendi,</span> <span class='ocrx_word' id='word_1_153' title='bbox 749 3150 932 3232; x_wconf 89' lang='lat' dir='ltr'>possidendi</span> <span class='ocrx_word' id='word_1_154' title='bbox 954 3156 988 3214; x_wconf 87' lang='lat' dir='ltr'>et</span> <span class='ocrx_word' id='word_1_155' title='bbox 1010 3152 1150 3232; x_wconf 86' lang='lat' dir='ltr'>gerendi.</span> <span class='ocrx_word' id='word_1_156' title='bbox 1193 3151 1385 3218; x_wconf 55' lang='lat' dir='ltr'>‘Ecclesiam</span> 
     </span>
     <span class='ocr_line' id='line_1_27' title="bbox 219 3237 1388 3322; baseline 0.003 -20"><span class='ocrx_word' id='word_1_157' title='bbox 219 3243 327 3302; x_wconf 88' lang='lat' dir='ltr'>autem</span> <span class='ocrx_word' id='word_1_158' title='bbox 342 3239 592 3322; x_wconf 88' lang='lat' dir='ltr'>possessionibus</span> <span class='ocrx_word' id='word_1_159' title='bbox 607 3239 673 3303; x_wconf 90' lang='lat' dir='ltr'>suis</span> <span class='ocrx_word' id='word_1_160' title='bbox 695 3237 834 3320; x_wconf 84' lang='lat' dir='ltr'>spoliare</span> <span class='ocrx_word' id='word_1_161' title='bbox 847 3237 1045 3318; x_wconf 81' lang='lat' dir='ltr'>sacrilegium</span> <span class='ocrx_word' id='word_1_162' title='bbox 1061 3241 1110 3304; x_wconf 89' lang='lat' dir='ltr'>est</span> <span class='ocrx_word' id='word_1_163' title='bbox 1125 3245 1159 3304; x_wconf 89' lang='lat' dir='ltr'>et</span> <span class='ocrx_word' id='word_1_164' title='bbox 1173 3239 1388 3322; x_wconf 91' lang='lat' dir='ltr'>latrocinium,</span> 
     </span>
     <span class='ocr_line' id='line_1_28' title="bbox 219 3325 1387 3412; baseline 0.003 -22"><span class='ocrx_word' id='word_1_165' title='bbox 219 3325 400 3408; x_wconf 87' lang='lat' dir='ltr'>ordinisque</span> <span class='ocrx_word' id='word_1_166' title='bbox 415 3327 539 3392; x_wconf 90' lang='lat' dir='ltr'>socialis</span> <span class='ocrx_word' id='word_1_167' title='bbox 555 3327 686 3407; x_wconf 88' lang='lat' dir='ltr'>eversio,</span> <span class='ocrx_word' id='word_1_168' title='bbox 703 3331 798 3408; x_wconf 86' lang='lat' dir='ltr'>atque</span> <span class='ocrx_word' id='word_1_169' title='bbox 819 3326 1074 3391; x_wconf 89' lang='lat' dir='ltr'>maledictionem</span> <span class='ocrx_word' id='word_1_170' title='bbox 1093 3327 1231 3412; x_wconf 89' lang='lat' dir='ltr'>divinam</span> <span class='ocrx_word' id='word_1_171' title='bbox 1247 3329 1387 3394; x_wconf 89' lang='lat' dir='ltr'>attrahit</span> 
     </span>
     <span class='ocr_line' id='line_1_29' title="bbox 219 3413 1270 3496; baseline -0.003 -19"><span class='ocrx_word' id='word_1_172' title='bbox 219 3413 285 3479; x_wconf 85' lang='lat' dir='ltr'>sive</span> <span class='ocrx_word' id='word_1_173' title='bbox 307 3414 470 3496; x_wconf 81' lang='lat' dir='ltr'>guberniis</span> <span class='ocrx_word' id='word_1_174' title='bbox 493 3415 558 3479; x_wconf 90' lang='lat' dir='ltr'>sive</span> <span class='ocrx_word' id='word_1_175' title='bbox 581 3414 714 3495; x_wconf 88' lang='lat' dir='ltr'>privatis</span> <span class='ocrx_word' id='word_1_176' title='bbox 736 3415 770 3479; x_wconf 94' lang='lat' dir='ltr'>id</span> <span class='ocrx_word' id='word_1_177' title='bbox 793 3414 1071 3481; x_wconf 89' lang='lat' dir='ltr'>committentibus.</span> <span class='ocrx_word' id='word_1_178' title='bbox 1268 3470 1270 3474; x_wconf 87' lang='grc'><em>,</em></span> 
     </span>
    </p>

    <p class='ocr_par' dir='ltr' id='par_1_17' title="bbox 156 3500 1388 3847">
     <span class='ocr_line' id='line_1_30' title="bbox 156 3500 1388 3570; baseline 0.003 -4"><span class='ocrx_word' id='word_1_179' title='bbox 156 3500 157 3503; x_wconf 71' lang='grc'>’</span> <span class='ocrx_word' id='word_1_180' title='bbox 327 3506 356 3568; x_wconf 83' lang='lat'>2.</span> <span class='ocrx_word' id='word_1_181' title='bbox 380 3501 524 3568; x_wconf 89' lang='lat' dir='ltr'>Potestas</span> <span class='ocrx_word' id='word_1_182' title='bbox 540 3503 754 3568; x_wconf 88' lang='lat' dir='ltr'>ecclesiastica</span> <span class='ocrx_word' id='word_1_183' title='bbox 776 3501 914 3567; x_wconf 92' lang='lat' dir='ltr'>fidelium</span> <span class='ocrx_word' id='word_1_184' title='bbox 931 3503 1154 3568; x_wconf 87' lang='lat' dir='ltr'>conscientiam</span> <span class='ocrx_word' id='word_1_185' title='bbox 1177 3504 1275 3568; x_wconf 88' lang='lat' dir='ltr'>ctiam</span> <span class='ocrx_word' id='word_1_186' title='bbox 1299 3505 1388 3570; x_wconf 87' lang='lat' dir='ltr'>circa</span> 
     </span>
     <span class='ocr_line' id='line_1_31' title="bbox 219 3588 1386 3672; baseline 0.003 -19"><span class='ocrx_word' id='word_1_187' title='bbox 219 3607 326 3655; x_wconf 86' lang='lat' dir='ltr'>rerum</span> <span class='ocrx_word' id='word_1_188' title='bbox 347 3590 568 3672; x_wconf 90' lang='lat' dir='ltr'>temporalium</span> <span class='ocrx_word' id='word_1_189' title='bbox 591 3603 683 3655; x_wconf 87' lang='lat' dir='ltr'>usum</span> <span class='ocrx_word' id='word_1_190' title='bbox 706 3591 913 3671; x_wconf 83' lang='lat' dir='ltr'>obstringere,</span> <span class='ocrx_word' id='word_1_191' title='bbox 944 3594 977 3653; x_wconf 92' lang='lat' dir='ltr'>et</span> <span class='ocrx_word' id='word_1_192' title='bbox 998 3588 1105 3670; x_wconf 83' lang='lat' dir='ltr'>legum</span> <span class='ocrx_word' id='word_1_193' title='bbox 1133 3609 1260 3655; x_wconf 91' lang='lat' dir='ltr'>suarum</span> <span class='ocrx_word' id='word_1_194' title='bbox 1285 3592 1386 3657; x_wconf 90' lang='lat' dir='ltr'>viola·</span> 
     </span>
     <span class='ocr_line' id='line_1_32' title="bbox 220 3678 1388 3761; baseline 0.001 -17"><span class='ocrx_word' id='word_1_195' title='bbox 220 3686 306 3744; x_wconf 87' lang='lat' dir='ltr'>tores</span> <span class='ocrx_word' id='word_1_196' title='bbox 329 3679 438 3760; x_wconf 88' lang='lat' dir='ltr'>poenis</span> <span class='ocrx_word' id='word_1_197' title='bbox 462 3679 559 3743; x_wconf 87' lang='lat' dir='ltr'>etiam</span> <span class='ocrx_word' id='word_1_198' title='bbox 586 3678 814 3760; x_wconf 88' lang='lat' dir='ltr'>temporalibus</span> <span class='ocrx_word' id='word_1_199' title='bbox 842 3695 986 3743; x_wconf 86' lang='lat' dir='ltr'>coercere</span> <span class='ocrx_word' id='word_1_200' title='bbox 1009 3684 1124 3758; x_wconf 87' lang='lat' dir='ltr'>potest,</span> <span class='ocrx_word' id='word_1_201' title='bbox 1155 3681 1274 3761; x_wconf 88' lang='lat' dir='ltr'>absque</span> <span class='ocrx_word' id='word_1_202' title='bbox 1299 3680 1388 3745; x_wconf 88' lang='lat' dir='ltr'>dele-</span> 
     </span>
     <span class='ocr_line' id='line_1_33' title="bbox 220 3767 1164 3847; baseline -0.001 -15"><span class='ocrx_word' id='word_1_203' title='bbox 220 3767 356 3847; x_wconf 75' lang='lat' dir='ltr'>gatione,</span> <span class='ocrx_word' id='word_1_204' title='bbox 379 3767 584 3847; x_wconf 89' lang='lat' dir='ltr'>permissione</span> <span class='ocrx_word' id='word_1_205' title='bbox 608 3773 664 3831; x_wconf 88' lang='lat' dir='ltr'>aut</span> <span class='ocrx_word' id='word_1_206' title='bbox 686 3784 839 3833; x_wconf 88' lang='lat' dir='ltr'>consensu</span> <span class='ocrx_word' id='word_1_207' title='bbox 861 3767 1031 3847; x_wconf 86' lang='lat' dir='ltr'>potestatis</span> <span class='ocrx_word' id='word_1_208' title='bbox 1055 3767 1164 3831; x_wconf 90' lang='lat' dir='ltr'>civilis.</span> 
     </span>
    </p>

    <p class='ocr_par' dir='ltr' id='par_1_18' title="bbox 220 3853 1389 4112">
     <span class='ocr_line' id='line_1_34' title="bbox 251 3853 1388 3936; baseline 0.005 -20"><span class='ocrx_word' id='word_1_209' title='bbox 251 3909 253 3916; x_wconf 92' lang='lat'><em>.</em></span> <span class='ocrx_word' id='word_1_210' title='bbox 328 3862 356 3920; x_wconf 85' lang='lat'>3.</span> <span class='ocrx_word' id='word_1_211' title='bbox 392 3853 535 3920; x_wconf 84' lang='lat' dir='ltr'>Ecclesia</span> <span class='ocrx_word' id='word_1_212' title='bbox 562 3855 635 3936; x_wconf 88' lang='lat' dir='ltr'>jure</span> <span class='ocrx_word' id='word_1_213' title='bbox 669 3856 773 3919; x_wconf 90' lang='lat' dir='ltr'>divino</span> <span class='ocrx_word' id='word_1_214' title='bbox 803 3854 899 3919; x_wconf 86' lang='lat' dir='ltr'>talam</span> <span class='ocrx_word' id='word_1_215' title='bbox 938 3853 1123 3919; x_wconf 85' lang='lat' dir='ltr'>clericorum</span> <span class='ocrx_word' id='word_1_216' title='bbox 1153 3855 1269 3919; x_wconf 84' lang='lat' dir='ltr'>aioro</span> <span class='ocrx_word' id='word_1_217' title='bbox 1301 3854 1388 3922; x_wconf 89' lang='lat' dir='ltr'>civili</span> 
     </span>
     <span class='ocr_line' id='line_1_35' title="bbox 220 3942 1388 4023; baseline 0.002 -18"><span class='ocrx_word' id='word_1_218' title='bbox 220 3943 450 4007; x_wconf 88' lang='lat' dir='ltr'>immunitatem</span> <span class='ocrx_word' id='word_1_219' title='bbox 472 3943 532 4007; x_wconf 92' lang='lat' dir='ltr'>sibi</span> <span class='ocrx_word' id='word_1_220' title='bbox 554 3943 701 4021; x_wconf 85' lang='lat' dir='ltr'>vindicat,</span> <span class='ocrx_word' id='word_1_221' title='bbox 737 3943 839 4023; x_wconf 89' lang='lat' dir='ltr'>qualis</span> <span class='ocrx_word' id='word_1_222' title='bbox 862 3943 903 4006; x_wconf 91' lang='lat' dir='ltr'>ad</span> <span class='ocrx_word' id='word_1_223' title='bbox 933 3943 1073 4007; x_wconf 90' lang='lat' dir='ltr'>munium</span> <span class='ocrx_word' id='word_1_224' title='bbox 1097 3942 1388 4007; x_wconf 87' lang='lat' dir='ltr'>ecclesiasticorum</span> 
     </span>
     <span class='ocr_line' id='line_1_36' title="bbox 221 4029 1389 4112; baseline 0.002 -18"><span class='ocrx_word' id='word_1_225' title='bbox 221 4031 403 4095; x_wconf 87' lang='lat' dir='ltr'>exercitium</span> <span class='ocrx_word' id='word_1_226' title='bbox 425 4031 604 4112; x_wconf 86' lang='lat' dir='ltr'>requiritur,</span> <span class='ocrx_word' id='word_1_227' title='bbox 633 4031 820 4112; x_wconf 89' lang='lat' dir='ltr'>praeprimis</span> <span class='ocrx_word' id='word_1_228' title='bbox 843 4030 1023 4095; x_wconf 86' lang='lat' dir='ltr'>libertatem</span> <span class='ocrx_word' id='word_1_229' title='bbox 1048 4048 1067 4093; x_wconf 92' lang='lat' dir='ltr'>a</span> <span class='ocrx_word' id='word_1_230' title='bbox 1091 4030 1219 4095; x_wconf 89' lang='lat' dir='ltr'>servitio</span> <span class='ocrx_word' id='word_1_231' title='bbox 1243 4029 1389 4096; x_wconf 80' lang='lat' dir='ltr'>militari.</span> 
     </span>
    </p>
   </div>
   <div class='ocr_carea' id='block_1_15' title="bbox 326 4152 844 4222">
    <p class='ocr_par' dir='ltr' id='par_1_19' title="bbox 326 4152 844 4222">
     <span class='ocr_line' id='line_1_37' title="bbox 326 4152 844 4222; baseline 0.012 -6"><span class='ocrx_word' id='word_1_232' title='bbox 326 4152 444 4219; x_wconf 88' lang='lat' dir='ltr'>Romae</span> <span class='ocrx_word' id='word_1_233' title='bbox 468 4154 517 4219; x_wconf 93' lang='lat' dir='ltr'>die</span> <span class='ocrx_word' id='word_1_234' title='bbox 540 4159 559 4219; x_wconf 84' lang='grc'>8</span> <span class='ocrx_word' id='word_1_235' title='bbox 583 4153 724 4218; x_wconf 76' lang='lat' dir='ltr'>ianuarii</span> <span class='ocrx_word' id='word_1_236' title='bbox 751 4159 844 4222; x_wconf 85' lang='lat'>1870.</span> 
     </span>
    </p>
   </div>
   <div class='ocr_carea' id='block_1_16' title="bbox 0 0 1445 4874">
    <p class='ocr_par' dir='ltr' id='par_1_20' title="bbox 0 0 1445 4874">
     <span class='ocr_line' id='line_1_38' title="bbox 0 0 1445 4874; baseline 0 0"><span class='ocrx_word' id='word_1_237' title='bbox 0 0 1445 4874; x_wconf 95' lang='lat' dir='ltr'> </span> 
     </span>
    </p>
   </div>
  </div>
 </body>
</html>
