2872 4874
461 362 557 409 INDEX
579 359 680 406 anuuit
703 358 740 403 ΕΤ
761 351 971 402 emaciatum

1207 485 1255 528 Pte

130 564 243 628 Farina¹
262 560 384 613 Joannes
403 553 542 608 Antonius
560 580 603 619 -,
621 549 674 616 Ep.
692 547 855 601 Vicentinns
902 584 1131 602 ......
1169 542 1220 593 190

136 652 205 705 Fide
224 647 369 711 catholica,
389 640 551 698 constitutio
569 638 725 705 dogmatica
743 634 830 688 de—

222 748 251 791 41
269 735 384 799 1411444,
402 738 490 786 const.
510 728 598 794 dogm.
616 725 651 778 de
671 754 696 766 -
723 766 730 780 .

171 825 348 896 „Canoues
368 820 455 873 de-

170 953 183 982 „
221 920 249 967 et
267 911 422 975 ratione,
402 906 529 960 Canones
549 901 635 956 de-

133 1003 284 1056 Francisco
303 997 418 1063 Salesio,
437 991 618 1061 postulatum,
630 996 713 1042 ut-
729 986 827 1040 titulus
842 985 971 1037 Doctoris
988 980 1131 1035 Ecclesiae

238 1088 402 1141 decernatur
414 1110 1130 1139 .................
1167 1069 1217 1120 111
1240 1080 1299 1132 sqq.

168 780 182 808 n

136 1229 253 1296 Galliae,
272 1223 455 1291 complurium
472 1248 506 1258 -
524 1217 726 1286 Episcoporum
744 1213 887 1281 postulata
905 1211 941 1266 ad
959 1209 1132 1277 disciplinam

240 1312 409 1383 pertinentia
454 1338 1130 1365 ................
1169 1298 1220 1348 139
1242 1310 1301 1361 sqq.

347 1401 387 1452 De
408 1394 563 1450 Seminariis
582 1391 752 1445 Clerioorum
770 1388 873 1456 ubique
892 1385 1088 1442 instituendis.
1126 1427 1134 1440 .
1174 1383 1223 1434 140

358 1529 371 1556 ,‚
402 1480 588 1553 promovendo
601 1481 630 1532 in
644 1476 805 1533 seminariis
825 1492 968 1530 sacrarum
980 1474 1134 1541 linguarum

454 1569 544 1623 studio
592 1602 1133 1624 .............
1172 1561 1224 1611 140
1243 1573 1284 1625 sq.

360 1657 593 1731 „superioribus
613 1653 710 1709 studiis
729 1652 925 1725 ecclesiasticis
944 1647 1133 1705 restaurandis
1173 1649 1221 1698 141

361 1793 375 1825 „
404 1749 568 1805 academicis
587 1746 718 1814 gradibus
773 1779 1135 1800 .........
1173 1738 1222 1786 141
1244 1748 1284 1799 Sl·

348 1841 477 1894 iuniores
504 1835 662 1890 sacerdotes
683 1833 758 1887 circa
783 1846 889 1884 sacram
908 1827 1050 1882 scientiam
1070 1838 1133 1878 exa·

455 1923 575 1977 minandi
599 1955 1131 1978 .............
1137 1910 1142 1918 ’
1169 1913 1220 1964 142

348 2014 388 2068 De
420 2010 612 2066 collationibus
646 2007 842 2063 ecclesiasticis
873 2007 945 2060 inter
976 2004 1134 2059 sacerdotes

454 2098 630 2152 instituendis
649 2103 677 2151 41
696 2093 905 2164 frequentandis
950 2132 1132 2148 .....
1170 2090 1221 2143 142

363 2231 375 2257 „
407 2187 547 2242 exercitiis
567 2184 760 2253 spiritualibus
778 2201 795 2240 a
811 2183 891 2237 01414
911 2181 1049 2235 saeculari
1068 2195 1133 2247 quo·

453 2274 546 2329 tannis
565 2273 697 2327 habendis
727 2307 1132 2329 ..........
1172 2267 1221 2319 142

349 2367 380 2418 14
406 2362 546 2417 exercitiis
557 2360 747 2428 spiritualibus
757 2359 983 2428 presbyterorum
992 2347 1143 2411 facultates

452 2450 602 2504 latissimae
622 2447 799 2502 confessariis
818 2445 1008 2502 concedendae
1039 2486 1045 2498 .
1083 2485 1090 2498 .
1127 2486 1133 2514 ,
1171 2442 1222 2494 143

349 2540 390 2594 114
409 2539 467 2592 vita
485 2536 619 2592 communi
640 2537 666 2589 iu
685 2535 764 2590 Olero
783 2535 919 2591 saeculari
937 2533 1052 2589 iovenda
1082 2576 1089 2590 .
1125 2574 1132 2588 .
1171 2532 1222 2584 148

362 2666 374 2694 ,,
403 2626 546 2678 mulierum
566 2624 595 2677 in
617 2624 740 2679 domibus
761 2624 936 2679 sacerdotum
954 2622 1090 2677 famulatu
1127 2666 1134 2679 .
1173 2624 1222 2674 143

362 2754 375 2782 „
404 2729 539 2767 concursu
557 2712 594 2765 ad
612 2713 796 2780 parochorum
815 2713 1002 2769 electionem.
1040 2752 1047 2763 .
1084 2752 1090 2764 .
1128 2752 1134 2762 .
1171 2714 1223 2763 144

360 2842 372 2869 ,,
404 2800 607 2868 praedicatione
628 2800 702 2853 verbi
722 2800 807 2854 divini
861 2840 1132 2858 .......
1169 2802 1221 2852 144

361 2930 374 2956 ,,
403 2888 536 2956 pastorali
560 2886 746 2943 sollicitudine
773 2903 840 2955 erga
857 2903 958 2956 pueros
977 2895 1005 2941 41
1019 2889 1135 2955 juvenes
1172 2888 1223 2939 145

363 3017 375 3045 ‚‚
405 2975 586 3030 catechismis
605 2975 709 3042 primae
722 2975 904 3029 communioni
917 2975 1036 3043 41441114
1055 2974 1136 3028 etde

453 3064 587 3130 juvenum
605 3062 814 3131 perseverantia
859 3103 1134 3119 .......
1173 3064 1225 3115 145
1245 3076 1285 3126 sq.

360 3191 372 3219 „
403 3150 577 3217 regularibus
639 3189 1133 3207 ............
1172 3153 1223 3203 146

362 3278 374 3306 „
405 3239 541 3305 religiosis
551 3237 695 3292 mulierum
704 3237 826 3306 familiis,
835 3236 987 3306 puellarum
996 3237 1154 3291 educationi

454 3335 482 3380 et
501 3326 629 3394 operibus
648 3327 794 3379 charitatis
812 3327 1001 3380 vacantibus
1128 3331 1224 3382 1.47

364 3453 377 3480 ,‚
406 3414 536 3482 capitulis
553 3452 1132 3471 ..............
1172 3418 1222 3468 148

349 3499 480 3569 Episcopi
499 3502 717 3569 dispensationes
734 3517 827 3555 omnes
836 3471 1004 3556 concedere
1018 3501 1136 3570 possint,

453 3587 567 3656 quaes.
587 3588 714 3643 Pontifici
740 3604 873 3656 expresse
895 3605 950 3643 non
968 3589 1074 3643 fuerint
1096 3605 1136 3644 14-

455 3686 581 3733 servatae
594 3716 1133 3734 .............
1174 3679 1225 3730 148

347 3763 549 3832 Episcoporum
568 3764 716 3818 facultates
728 3765 802 3819 circa
821 3779 903 3819 casus
917 3763 1040 3818 occultos
1052 3763 1135 3817 latius

454 3852 677 3920 interpretandae
725 3890 1134 3910 ..........
1173 3853 1224 3905 148

348 3939 456 3995 indulta
468 3938 621 4008 apostolica
631 3938 777 4008 Episcopis
787 3955 838 4008 per
852 3946 938 3995 totum
948 3940 1135 4008 Episcopatus

454 4036 562 4095 tempus
593 4028 751 4083 necessaria
781 4043 833 4094 414
865 4035 924 4084 1414
956 4028 1133 4096 episcopatus

454 4124 577 4182 tempore
597 4114 783 4169 concedantur
814 4155 1131 4175 ........
1167 4117 1221 4168 149

347 4203 388 4258 114
411 4203 648 4270 archiepiscopali
668 4203 826 4258 visitatione
845 4201 1049 4258 restituenda.
1085 4239 1092 4252 .
1130 4244 1136 4258 .
1174 4205 1226 4256 149

361 4328 374 4359 ‚‚
404 4290 638 4359 appellationibus
663 4291 699 4344 ad
718 4306 740 4347 s.
759 4289 857 4346 Sedem
875 4305 931 4344 non
949 4287 1136 4357 admittendis,

454 4379 556 4432 omisso
573 4378 670 4446 medio,
695 4395 785 4446 neque
802 4394 852 4446 pro
872 4376 1023 4433 levioribus
1042 4378 1137 4431 444414
1175 4379 1226 4431 149
