2872 4874
548 309 588 357 DE
611 310 681 357 Flos
705 309 882 358 cssfloucn.

611 515 748 582 cnPUr
770 519 824 583 IV.

541 658 592 724 De
613 659 676 738 fode
700 665 728 722 et
754 660 890 722 ratione.

237 799 307 864 Hoc
348 816 473 880 quoque
506 805 679 881 perpetuus
716 798 876 862 Ecclesiae
915 797 1092 863 catholicae
1129 815 1307 863 cousensus·

131 889 233 953 tenuit
257 892 289 952 et
312 892 417 966 tenet,
442 887 597 968 duplicem
621 905 691 952 esse
714 886 855 950 ordinem
879 885 1081 968 cognitionis
1115 905 1177 951 non
1200 885 1302 951 solum

133 976 294 1056 principio,
319 974 378 1039 sed
401 974 526 1057 objecto
550 976 645 1040 etiam
669 975 866 1039 distinctum:
890 974 1043 1054 principio
1067 974 1203 1054 quidem,
1229 973 1303 1053 quia

134 1067 163 1128 in
186 1064 289 1129 altero
312 1062 454 1127 naturali
476 1064 615 1141 ratione,
647 1063 680 1126 in
709 1062 808 1127 altero
841 1058 902 1125 fide
935 1061 1042 1125 diviua
1065 1061 1301 1143 cognoscimus3

136 1152 255 1233 objecto
278 1156 405 1230 autem,
437 1153 510 1231 quia
532 1156 660 1233 praeter
683 1168 734 1231 eu,
769 1150 914 1230 adquae
945 1149 1099 1212 naturalis
1124 1150 1205 1214 ratio
1229 1168 1300 1229 per·

137 1240 256 1321 tingere
279 1244 403 1319 potest,
441 1238 599 1304 credenda
627 1238 719 1303 nobis
749 1241 970 1320 proponuntur
999 1238 1150 1318 mysteria
1178 1238 1210 1301 in
1234 1236 1303 1301 Deo

139 1326 328 1405 abscondita,
346 1344 438 1406 quae,
455 1327 514 1390 nisi
532 1325 672 1392 revelata
688 1325 847 1402 divinitus,
865 1325 1061 1391 innotescere
1078 1342 1139 1389 uon
1155 1329 1310 1405 possunt..

139 1415 292 1492 Quocirca
317 1414 501 1495 Apostolus,
530 1416 583 1495 qui
606 1433 626 1478 a
648 1413 795 1496 gentibus
820 1412 922 1476 Deum
945 1431 1002 1492 per
1026 1431 1078 1480 ea.
1112 1411 1305 1492 quaefacta

139 1511 223 1581 suut,
259 1503 422 1584 cognitum
446 1520 515 1567 esse
542 1507 697 1577 testatur,
734 1501 893 1565 disserens
925 1506 1033 1564 tamen
1066 1500 1105 1580 de
1135 1500 1241 1581 gratia
1273 1505 1305 1565 et

140 1593 282 1665 ueritate,
319 1608 402 1671 quae
433 1608 490 1670 per
523 1589 632 1655 Jesum
661 1588 822 1654 Christum
855 1588 940 1654 facte
970 1595 1029 1666 est,
1046 1591 1069 1669 ¹)
1102 1589 1304 1668 pronuntiat:

142 1678 309 1758 loquimur
343 1678 403 1742 Dei
432 1679 622 1759 sapientiam
653 1679 685 1742 in'
715 1676 882 1759 mysterio,
916 1694 998 1756 quae
1030 1675 1216 1747 abscondita
1244 1681 1303 1755 est,

145 1785 229 1846 quam
262 1765 518 1848 praedestinavit
541 1766 627 1830 Deus
659 1770 734 1830 aute
767 1764 897 1828 saecula
924 1765 956 1827 in
988 1762 1122 1845 gloriam
1152 1756 1304 1841 nostram,

147 1871 347 1934 quemnemo
371 1854 547 1935 principum
569 1853 663 1936 hujus
687 1851 806 1917 saeculi
832 1853 1001 1933 cognovit:
1015 1888 1059 1897 -
1082 1850 1172 1915 nobis
1196 1856 1304 1916 auteur

150 1941 290 2006 revelavit
313 1941 400 2006 Deus
424 1959 481 2023 per
503 1941 655 2023 Spiritum
678 1958 782 2005 suum:
816 1937 953 2020 Spiritus
982 1939 1066 2003 enim
1091 1939 1195 2002 omnia
1218 1956 1306 2003 scru-

154 2035 239 2108 tatur,
273 2029 371 2093 etiam
401 2027 557 2111 profunda
584 2029 653 2093 Dei.
668 2031 694 2110 ⁹)
741 2026 784 2092 Et
813 2027 882 2108 ipse
913 2026 1104 2109 Unigenitus
1135 2023 1311 2090 confitetur·

160 2113 238 2195 Patri,
275 2118 351 2197 quia
375 2117 541 2187 abscondit
563 2117 640 2182 haec
664 2136 684 2181 a
707 2115 922 2196 sapientibus,
956 2121 989 2180 et
1015 2112 1237 2196 prudentibus,
1273 2118 1306 2177 et

159 2205 292 2269 revelavit
316 2224 354 2270 ea
378 2204 528 2286 parvulis.
543 2208 567 2280 3)

242 2295 288 2357 Ac
310 2293 392 2356 ratio
415 2292 550 2374 quidem,
575 2292 636 2356 fide
660 2291 831 2369 illustrata,
856 2309 926 2355 cum
943 2289 1063 2368 sedulo,
1087 2290 1137 2370 pie
1154 2294 1187 2352 et
1202 2287 1305 2352 sobrie
1386 2309 1388 2314 ·

150 2382 273 2460 quaerit,
299 2380 446 2460 aliquam,
465 2380 532 2445 Deo
548 2379 651 2457 dante,
676 2378 895 2462 mysteriorum
913 2377 1156 2459 intelligentiam
1173 2393 1306 2456 eamque

148 2466 422 2534 luctuosissimam
456 2469 652 2549 assequitur,
685 2474 754 2536 tum
784 2486 823 2532 ex
851 2485 973 2545 eorum,
1009 2484 1090 2547 quae
1118 2463 1308 2529 naturaliter

148 2557 309 2639 cognoscit
333 2556 492 2636 analogia,
517 2562 585 2620 tum
609 2576 627 2620 e
650 2554 874 2637 mysteriorum
897 2555 1038 2635 ipsorum
1059 2571 1142 2618 nexu
1165 2553 1249 2616 inter
1272 2569 1308 2615 se

146 2650 175 2708 et
196 2663 266 2709 cum
290 2642 352 2708 fiue
373 2643 507 2708 hominis
531 2642 657 2724 ultimo,
690 2661 851 2722 nunquam
885 2647 992 2707 tamen
1020 2642 1135 2705 idonea
1164 2639 1310 2704 redditur

144 2733 182 2796 ad
213 2751 253 2797 ea
284 2731 505 2817 perspicienda
539 2732 640 2797 instar
674 2731 863 2811 veritatum,
898 2748 979 2811 quae
1014 2730 1175 2811 proprium
1209 2727 1309 2807 ipsius

144 2820 302 2903 objectum
338 2821 541 2885 constituunt.
600 2819 714 2883 Divina
748 2819 832 2883 enirn
864 2818 1014 2900 mysteria
1046 2821 1157 2897 suapte
1192 2820 1308 2879 natura

143 2908 336 2973 intellectum
359 2911 500 2972 creatum
523 2907 568 2971 sic
591 2907 762 2985 excedunt,
795 2911 832 2971 ut
855 2906 951 2970 etiam
973 2904 1167 2971 revelatione
1190 2902 1309 2967 tradita

143 3002 174 3060 et
196 2993 257 3060 fide
273 2999 430 3076 suscepta,
454 2995 553 3079 ipsius
568 3000 676 3059 tamen
691 2993 764 3058 fidei
779 2993 933 3059 velamine
950 2996 1095 3057 contecta
1118 2995 1150 3055 et
1170 2991 1307 3071 quadam

143 3084 231 3164 quasi
255 3082 388 3164 caligine
411 3081 562 3148 obvoluta
584 3087 749 3159 maneant,
783 3081 933 3163 quamdiu
955 3082 988 3144 in
1010 3080 1071 3144 hac
1093 3078 1221 3143 mortali
1242 3079 1310 3145 rita

141 3171 378 3254 peregrinamur
401 3189 418 3234 a
444 3169 594 3235 Domino:
629 3169 803 3251 perfidem
827 3168 1151 3246 enimambulamtm,
1186 3175 1220 3231 et
1247 3183 1309 3231 non

141 3277 198 3340 per
215 3259 368 3341 speciem.
381 3257 409 3339 4)
1284 3278 1287 3327 ;

247 3346 366 3412 Verum
389 3346 450 3412 etsi
472 3343 552 3412 fides
574 3345 616 3410 sit
638 3363 735 3427 supra
757 3344 922 3423 rationem,
945 3341 1033 3407 nulla
1047 3347 1154 3407 tamen
1169 3358 1309 3422 unquam

139 3436 225 3500 iuter
247 3433 341 3500 fidem
366 3439 399 3498 et
421 3434 578 3499 rationem
601 3451 678 3498 vera
700 3433 854 3497 dissensio
878 3449 948 3496 esse
971 3436 1090 3512 potest:
1124 3447 1195 3507 cum
1225 3429 1310 3493 idem
1332 3468 1334 3473 ·

139 3523 247 3602 Beue,
278 3523 333 3604 qui
364 3522 512 3604 mysteria
535 3520 657 3587 revelat
680 3527 713 3593 et
735 3517 830 3585 tidem
853 3517 1007 3597 iufundit,
1043 3518 1146 3582 animo
1170 3514 1314 3581 humano

140 3611 278 3683 rationis
312 3610 419 3674 lumen
456 3609 622 3686 indiderit3
662 3607 749 3672 Deus
783 3613 889 3672 autern
923 3624 1040 3688 negare
1076 3605 1216 3686 seipsum
1249 3621 1312 3667 non

138 3699 255 3781 possit,
287 3715 346 3763 uec
375 3715 482 3761 verum
516 3715 591 3762 vero
621 3714 758 3776 unquam
789 3695 1015 3761 contradicere.
1068 3692 1175 3758 Inanis
1204 3695 1310 3754 autem

138 3788 236 3869 hujus
269 3785 530 3862 contradictionis
552 3785 673 3866 species
695 3783 769 3848 inde
792 3783 990 3865 potissimum
1014 3782 1131 3861 oritur,
1155 3779 1238 3860 quod
1260 3777 1312 3843 vel

138 3874 225 3940 fidei·
240 3873 391 3954 dogmata
423 3873 465 3936 ad
494 3877 633 3937 mentem
655 3870 815 3936 Ecclesiae
843 3870 1006 3935 intellecta
1028 3877 1060 3934 et
1084 3868 1226 3949 exposita
1248 3883 1312 3930 non

139 3961 271 4040 fuerint,
297 3959 350 4025 vel
365 3960 546 4042 opinionum
562 3964 740 4025 commenta
762 3976 820 4040 pro
842 3958 975 4025 rationis
996 3955 1100 4023 effatis
1122 3955 1311 4019 habeantur.

140 4049 280 4116 Omnem
302 4049 402 4130 igitur
424 4048 632 4129 assertionem
654 4047 784 4112 veritati
806 4046 1002 4111 illuminatae
1024 4044 1099 4111 fidei
1118 4042 1314 4111 contrariam

255 4257 492 4396 332088,1.ἃ7,7
549 4256 572 4325 ²)
593 4259 615 4308 1.
635 4254 698 4309 Cor.
718 4255 754 4307 II.
774 4257 851 4309 7-9.
926 4252 947 4322 8)
965 4253 1068 4306 Matth.
1088 4251 1134 4303 Xl.
1153 4254 1196 4304 25.

319 4367 325 4380 .
367 4343 406 4381 or.
451 4366 457 4380 .
495 4367 501 4380 .
