2872 4874
131 326 191 385 142
612 339 779 388 rosmuam

128 481 263 545 mamma
291 480 390 544 serias
420 478 642 561 probationes,
675 478 763 544 ullibi
793 477 939 546 conferri.
986 477 1204 561 Quapropter,
1238 500 1297 561 pro

128 567 259 648 singulis
285 567 451 648 gradibus,
475 566 682 632 determinari
709 567 862 632 deberent
886 567 1042 646 quaedam
1072 568 1296 648 quaestionum

127 663 372 736 programmata,
390 656 421 719 in
437 654 551 734 quibus
567 655 716 719 materies
732 655 893 733 examinis,
911 655 1070 735 copiosior
1085 661 1119 720 et
1135 654 1294 725 difficilior

126 749 222 823 prout
243 744 360 824 gradis
383 742 513 806 altiores
534 750 622 822 sunt,
648 743 837 824 exigeretur.
883 740 962 821 Sed,
994 743 1070 824 quia
1092 762 1206 824 parum
1229 750 1295 808 sta·

127 836 197 895 tuta
218 836 369 912 prosunt,
400 830 428 893 si
450 848 513 894 nou
543 836 723 908 serventur,
756 831 867 895 stricte
897 830 990 894 simul
1023 831 1296 896 examinatoribus

126 917 317 1000 imponenda
339 922 426 981 esset
448 917 600 999 obligatio
623 918 788 993 neminem,
813 919 872 984 sub
896 917 962 983 ullo
984 919 1096 999 quovis
1112 924 1294 1000 praetextu

126 1006 167 1070 ad
189 1006 339 1085 honorem
364 1004 522 1086 graduum
545 1024 684 1086 unquam
707 1005 910 1085 admittendi,
942 1007 1005 1071 nisi
1038 1005 1129 1087 cujus
1158 1008 1296 1072 scientia

124 1093 228 1174 longis
250 1094 432 1173 severisque
455 1093 695 1173 probationibus
722 1111 798 1158 vere
835 1094 1041 1160 constitisset.
1089 1093 1161 1158 Non
1198 1095 1293 1160 debc-

124 1187 197 1246 rent
212 1182 329 1262 gradis
345 1181 523 1262 superiores
539 1181 674 1246 obtineri
691 1199 747 1262 per
762 1181 888 1261 saltum,
908 1183 1033 1246 omissis
1048 1182 1292 1263 probationibus

125 1269 166 1333 ad
188 1270 306 1349 gradus
329 1267 492 1333 inferiores
515 1269 635 1349 requiri
662 1269 773 1334 solitis.
818 1269 993 1342 Utilissime
1028 1270 1126 1334 etiam
1157 1289 1294 1337 renora-

124 1362 235 1420 rentur
265 1357 372 1436 plures
407 1374 544 1421 canones
574 1357 629 1438 qui
664 1358 697 1420 in
726 1355 948 1422 Decretalibus
978 1358 1197 1436 continentur,
1232 1360 1293 1424 sab

123 1442 233 1508 titulo:
274 1443 326 1508 Dc
356 1443 546 1526 MapistriS,
582 1447 612 1510 et
644 1464 683 1507 ne
718 1444 846 1525 aliquid
879 1445 1030 1527 exigatur
1059 1466 1121 1525 pro
1158 1445 1292 1510 licentia

124 1531 264 1597 doraum.

227 1617 306 1684 Cum
328 1638 403 1684 vero
427 1617 660 1684 Universitates
683 1637 767 1684 nunc
789 1620 999 1700 paucissimae
1020 1620 1092 1695 siut,
1116 1620 1290 1687 concedere

122 1707 270 1787 dignetur
292 1706 323 1772 S.
340 1706 485 1772 Pontifex
506 1714 542 1772 ut
565 1707 684 1788 gradus
700 1706 869 1788 theologici
883 1709 917 1771 iu
936 1707 1096 1773 nonnullis
1111 1709 1289 1791 majoribus

121 1795 297 1860 seminariis
321 1794 456 1860 conferri
480 1796 612 1876 possint.

121 1987 277 2053 Juniorcs
298 1988 487 2064 sacerdotes,
506 2008 569 2068 per
589 1988 711 2068 aliquot
732 2008 843 2064 annos,
868 1988 955 2053 circa
974 2008 1102 2052 sacram
1120 1990 1283 2055 sciennan

592 2093 808 2157 examinandi.

225 2231 270 2296 Ut
289 2233 431 2315 juniores
465 2231 649 2296 sacerdotes
672 2233 836 2312 peritiores
867 2233 900 2296 in
930 2232 1027 2296 sacris
1058 2234 1173 2299 studiis
1201 2233 1280 2313 fiant,

121 2321 277 2400 simulque
301 2319 472 2383 otiositatis
496 2319 635 2400 periculo
659 2319 904 2399 subtrahantur,
932 2321 1117 2400 quotannis,
1154 2341 1215 2402 per
1236 2340 1283 2387 sex

119 2408 169 2473 vel
192 2413 314 2489 septem
341 2423 441 2471 annos
476 2425 496 2470 a
527 2411 669 2487 tempore
701 2407 908 2472 ordinationis
938 2425 1014 2472 suae
1049 2410 1283 2490 computandos,

119 2501 291 2561 teneantur
318 2511 424 2558 coram
439 2492 605 2575 Episcopo,
630 2493 680 2557 vel
702 2493 742 2558 ab
765 2512 803 2559 eo
819 2495 992 2576 designatis
1008 2496 1285 2576 examinatoribus,

119 2582 312 2663 respondere
335 2582 418 2646 circa
440 2582 643 2662 quaestiones
664 2582 706 2645 ad
729 2599 837 2646 sacras
859 2584 1008 2647 scientias
1032 2589 1234 2664 spectanteS,
1256 2591 1287 2648 et

119 2671 150 2733 in
173 2675 407 2751 programmate
430 2669 472 2733 ad
494 2669 555 2734 hoc
577 2669 738 2750 publicato
753 2671 942 2752 propositas.
981 2670 1032 2734 Ita
1046 2689 1122 2735 vero
1138 2673 1286 2737 institua·

119 2765 173 2822 tur
187 2775 389 2839 programma
403 2757 499 2836 istud,
523 2763 559 2821 ut
581 2759 750 2836 contiueat,
774 2777 832 2839 per
847 2777 902 2823 sex
917 2758 969 2822 vel
984 2764 1106 2839 septem
1129 2778 1284 2825 annorum

118 2845 254 2925 spatium
279 2844 473 2924 distributas,
498 2847 648 2909 materias
671 2864 780 2911 omnes
803 2864 885 2926 quae
912 2846 1017 2910 solent
1046 2847 1080 2911 iu
1110 2849 1288 2917 seminariis

119 2932 278 3013 explicari.

118 3106 170 3173 Dc
199 3106 424 3174 collationibus
452 3107 677 3173 ecclesiasticis
703 3108 787 3171 inter
818 3108 996 3174 sacerdotes
1022 3109 1233 3174 instituendis
1252 3114 1289 3177 ct

571 3213 826 3294 frequentandis.

224 3336 438 3400 Instituautur
461 3337 494 3400 iu
517 3336 661 3401 omnibus
690 3335 902 3400 dioecesibus·
922 3334 1106 3401 collationes
1138 3336 1287 3402 ecclesia·

118 3423 227 3502 sticae,
252 3424 353 3488 sexies
375 3424 427 3488 vel
450 3425 566 3504 septies
590 3423 703 3488 saltem
725 3425 758 3487 in
781 3441 864 3487 anuo
887 3421 1068 3504 habendae,
1099 3442 1180 3504 quas
1205 3424 1287 3505 ejus·

119 3510 191 3577 dem
221 3511 385 3576 districtus
417 3513 596 3594 presbyteri
627 3511 832 3592 frequentare
865 3528 974 3575 omnes
1009 3511 1160 3592 debeant,
1199 3518 1233 3576 et
1253 3513 1286 3576 in

118 3599 242 3680 quibus,
262 3598 355 3682 juxta
376 3618 577 3682 programma
600 3600 640 3664 ab
663 3600 818 3680 Episcopo
849 3600 1062 3680 propositum,
1095 3604 1285 3679 tractentur,

118 3691 187 3750 tum
209 3687 354 3770 scriptis,
388 3692 456 3751 tum
484 3687 629 3767 oraliter,
665 3686 866 3769 quaestiones
899 3685 974 3751 illae
1006 3704 1088 3767 quae
1112 3687 1153 3750 ad
1177 3693 1286 3768 partes

118 3791 283 3924 {acrarum
307 3775 511 3841 scientiarum
534 3777 668 3840 maxime
692 3773 776 3839 clero
799 3774 997 3838 necessarias
1019 3773 1180 3856 pertinere
1197 3775 1286 3839 vide-

141 3867 248 3926 untur.

190 4017 241 4084 Dc
265 4021 425 4085 enercitiis
448 4019 675 4102 spiritualibus
697 4038 719 4081 a
743 4016 835 4083 Olera
858 4016 1021 4082 saeculari
1043 4018 1219 4098 quotannis

618 4122 785 4189 habendis.

226 4245 344 4311 Omnes
366 4247 483 4327 ubique
499 4245 651 4327 Episcopi
674 4263 786 4310 curare
810 4245 945 4308 debeant
967 4250 1003 4309 ut
1026 4245 1175 4309 exercitia
1190 4245 1281 4327 spiri·

9 4362 12 4367 ·
117 4332 228 4413 maha,
253 4337 429 4413 quotannis,
452 4352 509 4416 per
533 4333 655 4414 aliquot
677 4332 743 4397 dies
760 4351 779 4397 a
796 4331 889 4398 Claro
912 4333 1066 4398 saeculari
1088 4333 1279 4413 habeantur3
