2872 4874
152 318 213 378 116
657 315 825 378 Postumia

49 507 52 513 ,
139 475 346 536 ‘contractum
369 470 523 548 comitari,
548 477 627 551 puta
649 470 773 533 lucram
800 487 935 548 cassano,
961 469 1114 534 domnam
1136 490 1313 551 emergens,

148 558 342 623 amicaeque
363 559 461 624 sonis
476 558 663 638 periculam
685 564 765 636 etc.;
801 563 877 623 tnnc
900 557 1166 637 compensationis
1190 559 1316 623 ratione

148 647 193 710 sic
216 645 354 710 dictante
383 644 512 726 aliquid,
541 645 582 710 ad
600 645 745 726 justitiae
766 664 919 725 normam,
940 645 1061 727 percipi
1083 662 1176 725 posse
1201 663 1318 727 supra·

148 734 225 798 dicti
247 735 401 797 Doctores
445 739 478 798 et
500 733 649 798 Pastores
680 733 801 813 pariter
829 731 1043 798 Christianum
1078 732 1237 814 Populum
1261 734 1315 798 do·

146 826 261 898 centes,
285 838 402 900 negare
425 839 487 884 non
511 827 585 885 sunt
608 821 686 898 ausi,
718 839 754 884 eo
778 821 862 901 quod
885 839 947 885 nen
969 821 1002 884 ri
1024 823 1134 895 mutui,
1166 821 1228 885 sed
1252 821 1316 887 alio

145 908 237 973 titulo
260 909 385 972 omnino
408 909 584 972 extrinseco
608 908 725 989 aliquid
749 906 833 971 ultra
855 914 973 972 sortem
997 909 1201 989 percipiatur.

252 999 294 1059 At
317 995 460 1075 pluribus
484 995 597 1060 abhinc
620 997 724 1073 annis,
753 997 910 1059 neminem
933 995 1028 1074 latet,
1059 995 1230 1061 nonnullos
1255 994 1314 1061 Ca-

145 1083 277 1148 tholicos
293 1082 446 1148 Doctores
463 1102 577 1148 novam
600 1085 691 1164 quasi
713 1084 904 1148 sententiam
920 1084 1070 1163 tenuisse,
1095 1102 1132 1147 ao
1147 1083 1313 1150 docuisse:

150 1173 274 1251 „Posse
299 1189 421 1251 nempe,
446 1169 576 1236 Civilem
592 1171 768 1251 Principem
792 1171 831 1234 ad
855 1171 1060 1251 Reipublicae
1075 1172 1193 1236 bonum
1217 1190 1312 1252 quam

146 1259 280 1323 maxime
301 1259 463 1337 tuendum,
488 1278 526 1324 ac
548 1261 719 1340 praecipue
741 1259 783 1323 ad
806 1259 1026 1324 commercium
1049 1258 1309 1340 promovendum,

145 1347 312 1411 eminentis
328 1346 456 1410 dominii
474 1348 555 1429 jure,
573 1346 783 1411 Mutuatarios
805 1351 914 1410 taxare
930 1347 971 1410 ad
994 1353 1116 1410 eertum
1132 1349 1309 1412 auctarium

145 1435 178 1498 in
200 1431 415 1497 Mutuantium
440 1435 646 1513 commodum,
678 1452 735 1498 seu
757 1435 941 1514 praemium,
966 1440 1003 1497 ut
1026 1435 1164 1512 dicunt,“
1193 1435 1242 1499 ita
1264 1440 1305 1514 ut,

145 1521 231 1586 ultra
253 1527 345 1586 notos
361 1522 471 1587 titulos
487 1523 679 1587 extrinsecos
694 1522 775 1586 lucri
798 1522 963 1600 cessantis,
980 1522 1086 1585 damni
1106 1524 1307 1603 emergentia,

145 1615 177 1673 et
198 1609 329 1690 periculi
359 1610 553 1674 amittendae
577 1611 681 1687 sortia,
711 1627 828 1673 novum
851 1610 1061 1674 extrinsecum
1085 1609 1225 1689 titulum,
1250 1611 1306 1675 sci·

144 1697 223 1761 licet
246 1697 416 1776 Principis
438 1698 562 1780 Lapara,
586 1698 711 1762 admitti
735 1702 911 1781 oporteat.-

248 1785 379 1849 Interim
401 1785 569 1867 Theologis
600 1785 771 1850 hincinde
803 1782 1037 1866 disputantibus
1061 1785 1100 1848 de
1123 1783 1184 1850 hoc
1208 1803 1305 1866 nuper

143 1873 267 1937 invecto
296 1872 388 1936 titulo
424 1871 538 1938 Sacrae
572 1872 837 1938 Poenitentiariae
860 1874 1024 1953 proposita
1050 1871 1111 1936 fuit
1142 1874 1305 1954 quaestio:

147 1979 241 2040 „num
264 1961 424 2041 cogendus
448 1966 535 2024 esset
557 1961 598 2025 ad
620 1963 850 2025 restitutionem
872 1961 1048 2040 poenitens
1073 1960 1127 2041 qui
1150 1960 1220 2024 sine
1242 1960 1301 2034 alio

142 2049 334 2113 exstrinseca
357 2047 460 2123 titulo,
478 2049 642 2113 occasione
665 2049 767 2113 mutui
790 2048 967 2112 auctarium
983 2052 1146 2112 scutorum
1170 2053 1304 2128 quatuor

143 2136 175 2200 in
199 2138 308 2217 quovis
332 2137 524 2209 centenario,
555 2137 587 2199 vi
612 2134 719 2200 Civilis
742 2135 836 2218 Legis
859 2141 994 2215 tantum,
1018 2140 1238 2216 perceperat.“
1265 2172 1302 2183 -

147 2222 442 2303 ,Eminentissimns
465 2223 732 2287 Poenitentiarius
749 2224 912 2305 respondit
934 2222 1066 2287 Dictum
1088 2222 1303 2288 Poenitentem

142 2332 208 2376 noa
224 2330 290 2376 esse
312 2312 564 2392 laparleroadam,
582 2311 748 2375 dammodo
771 2311 807 2374 in
830 2311 911 2375 bono
924 2310 987 2391 fide
1010 2316 1097 2386 esset,
1114 2317 1144 2375 et
1164 2317 1304 2390 parares

142 2405 231 2464 stare
247 2399 373 2478 judicio
396 2398 600 2477 Apostolicae
625 2397 744 2462 Sedis.“
782 2399 873 2476 Quae
887 2399 1050 2479 responsio
1074 2397 1186 2478 procul
1210 2398 1306 2464 dubio

142 2505 206 2551 non
228 2486 270 2550 ad
291 2503 433 2549 normam
450 2485 637 2563 absolutam,
662 2491 694 2550 et
717 2492 901 2566 perpetuam
917 2485 1127 2550 exhibendam
1140 2484 1210 2549 ‘fuit
1232 2504 1305 2568 pro·

140 2574 218 2638 lata.
254 2573 353 2637 Emus
377 2572 642 2637 Poenitentiariae
667 2575 749 2637 enim
772 2573 845 2637 hinc
859 2573 958 2654 probe
981 2574 1084 2642 sciens
1100 2579 1179 2654 quot
1194 2582 1306 2639 contra

141 2679 272 2725 usuram
295 2659 473 2725 habeantur
489 2662 625 2726 Decreta
647 2667 681 2724 et
703 2660 949 2739 Declarationes,
973 2661 1046 2724 inde
1072 2678 1147 2724 vero
1166 2658 1306 2726 Catholi-

142 2755 251 2813 oorum
280 2747 452 2813 Doctorum
489 2749 556 2830 (qui
591 2750 622 2811 in
646 2747 740 2813 rebus
775 2749 876 2812 dubiis
899 2753 986 2812 stant
1013 2767 1070 2828 pro
1094 2750 1306 2829 possessionis

136 2837 210 2918 jure
246 2837 418 2915 servando,
452 2835 552 2901 donec
574 2836 702 2900 evidens
737 2837 866 2900 dominii
892 2836 1005 2901 titulus
1028 2837 1089 2916 ipsi
1112 2838 1306 2916 possessioni

141 2922 331 3005 refragetur)
347 2926 535 2988 sententiam
550 2942 613 2988 non
636 2924 756 2988 audens
773 2924 932 3003 damnare,
953 2942 1061 3003 prore
1084 2928 1162 2987 nata
1178 2929 1305 2989 tantum

137 3012 344 3093 provisoriam
359 3013 450 3092 quasi
465 3011 608 3092 regulam
625 3013 699 3076 dare
714 3012 823 3090 veluit,
840 3013 940 3075 donec
956 3029 975 3074 a
990 3011 1133 3076 Romano
1149 3010 1305 3078 Pontifice

139 3117 318 3180 supremum
342 3100 442 3163 latum
463 3098 559 3163 fuerit
577 3100 741 3180 judiciuin.

245 3187 354 3252 Posita
377 3205 453 3250 vera
474 3187 640 3267 praedicta
662 3188 878 3269 responsione,
903 3204 985 3266 quae
1007 3187 1177 3250 recentiori
1199 3187 1305 3253 Theo-

83 3280 87 3291 “
139 3275 286 3356 logorum
301 3276 441 3356 opinioni
456 3275 581 3338 videtur
594 3275 791 3354 favere,¹non
806 3275 898 3354 pauci
912 3274 994 3351 inde,
1012 3275 1079 3336 sive
1094 3292 1152 3338 sua
1167 3274 1303 3354 malitia,

137 3364 203 3426 sive
227 3363 375 3443 culpabili
389 3363 685 3441 inconsideratione,
709 3369 765 3426 ant
787 3359 981 3439 infirmitate,
998 3361 1197 3426 occasionem
1222 3365 1305 3428 arri·

136 3453 227 3532 pinnt
249 3456 306 3514 aut
327 3451 486 3532 peccandi,
521 3457 577 3514 aut
600 3452 632 3514 in
656 3468 712 3514 suo
735 3456 866 3530 peccato
889 3450 1104 3530 permanendi.
1151 3449 1303 3516 Praeter·

136 3540 232 3604 misso
256 3539 339 3602 enim
372 3538 457 3618 quod
488 3537 586 3617 aliqui
613 3538 759 3616 iudicant
781 3539 956 3617 generatim
986 3536 1161 3617 quamlibet
1184 3556 1304 3603 usurae

136 3628 346 3708 quantitatem
378 3644 398 3688 a
431 3624 529 3689 Sacra
566 3625 813 3689 Poenitentiaria
846 3624 979 3689 tolerari
1013 3627 1122 3705 (prout
1155 3628 1304 3691 notorius

133 3715 263 3795 quidam
285 3714 469 3790 Usurarius,
507 3714 645 3794 quinon
675 3714 854 3777 auctarium
883 3719 1045 3777 scutorum
1069 3719 1206 3793 quatuor
1230 3719 1303 3778 tan-

134 3808 211 3881 tum,
234 3802 325 3882 juxta
347 3801 441 3882 Legis
464 3806 579 3879 tanam,
605 3802 661 3865 sed
685 3800 770 3864 ultra
794 3799 911 3878 decem,
935 3818 993 3880 pro
1018 3801 1210 3887 centenario,
1235 3804 1302 3866 exi·

135 3891 239 3971 gebat,
256 3891 375 3954 oratori
389 3890 555 3970 Episcopo,
574 3907 644 3953 eum
661 3889 701 3952 ad
713 3888 939 3968 poenitentiam
955 3887 1107 3963 hortanti,
1124 3889 1301 3970 respondit,

135 3977 296 4040 Summum
327 3975 511 4041 Pontificem
541 3977 608 4058 Jam
641 3975 839 4056 prohibuisse
868 3975 928 4039 bac
964 3976 1003 4039 de
1036 3993 1072 4038 re
1094 3975 1301 4042 Poenitentes

134 4064 330 4148 inquietari);
367 4065 540 4146 generatim
572 4064 626 4145 qui
655 4063 685 4128 S.
716 4063 981 4128 Poenitentiariae
1002 4063 1222 4143 provisoriam
1249 4083 1300 4128 re-

134 4152 241 4235 gulam
263 4159 348 4216 rerte
380 4152 571 4232 intelligunt,
606 4151 680 4214 licet
712 4169 818 4214 eoram
849 4149 1056 4214 Confessariis
1081 4148 1241 4215 affirment
1263 4170 1299 4216 se

133 4245 263 4322 paratos
286 4242 326 4303 ad
350 4242 596 4319 restitutionem,
630 4257 702 4302 oum
724 4237 784 4303 hoo
807 4238 847 4302 ab
871 4237 1053 4319 Apostolica
1084 4238 1165 4302 Sede
1189 4231 1297 4303 de'oer-

59 4391 64 4397 .
114 4326 239 4406 ‘natur3
272 4327 356 4393 facto
384 4335 490 4392 tamen
524 4334 591 4392 tum
614 4327 687 4407 ipsi,
723 4333 792 4390 tum
815 4344 923 4390 eorum
960 4325 1128 4406 haeredes,
1161 4326 1297 4392 decursu
