2872 4874
549 343 588 388 nn
610 342 828 390 nnounramus.
980 312 998 335 ”
1213 327 1276 390 243

116 485 231 551 tetatis
262 483 508 561 undevicesimo,
542 482 584 547 ed
610 483 784 548 solemnem
811 488 955 548 votorum
973 481 1205 564 professionem
1228 499 1278 548 se·

116 573 253 638 :undum
275 571 419 653 regulam
442 590 481 636 ac
504 575 628 636 statuta
651 570 779 637 Ordinis
801 571 1021 656 admittantur.

219 658 292 725 Tali
314 659 507 741 procedendi
536 660 660 724 ratione
688 659 720 723 in
744 657 894 723 Ordinem
917 658 1124 740 suscipiendis
1154 659 1284 746 occasio¹

116 750 287 814 ›raebetur
309 765 344 813 se
366 752 399 812 et
422 764 470 828 ea,
500 765 582 829 quae
611 748 696 828 ipsos
718 748 752 811 in
782 746 935 828 religione
957 746 1138 825 manebunt,
1161 746 1224 812 rite
1245 751 1279 812 et

116 842 239 902 nature
262 835 426 918 probandi,
450 834 579 900 Ordinis
607 853 683 901 vero
706 853 742 900 ac
764 834 983 917 religiosarum
1015 834 1164 900 domuum
1185 852 1279 916 prae·
1406 894 1409 900 .

116 924 236 1002 ›ositis‚
259 924 412 1005 imprimis
435 923 627 988 novitiorum
654 922 818 1004 magistris
837 929 888 988 sat
917 941 1023 987 morae
1046 922 1275 1004 suppeditatur,

116 1012 148 1078 ie
173 1011 282 1078 indole
305 1031 343 1078 ac
365 1012 530 1077 vocatione
552 1010 823 1091 suscipiendorum
854 1008 988 1075 firmiter
1007 1009 1178 1092 judicandi.
1225 1011 1278 1075 In·

116 1118 208 1182 mper
231 1099 344 1165 eodem
366 1099 561 1180 procedendi
587 1098 680 1164 modo
713 1097 914 1164 difficultates
944 1106 1056 1180 sponte
1086 1115 1145 1163 sua
1175 1115 1277 1164 remo·

116 1193 237 1265 rentur,
260 1205 341 1269 quae
363 1205 463 1252 novae
485 1187 549 1270 legi
571 1184 740 1268 profitendi
762 1186 829 1252 fere
852 1187 968 1268 ubique
991 1191 1202 1270 opponuntur.

221 1274 425 1358 Quapropter
448 1274 659 1358 congregatio
683 1274 1026 1341 beluato-benedictina
1049 1275 1276 1340 instantissime

116 1368 270 1445 precatur,
295 1367 333 1428 ut
355 1369 531 1429 memorata
554 1363 605 1428 lex
636 1363 675 1429 de
702 1361 897 1444 professione
920 1369 1067 1429 votorum
1089 1362 1279 1445 simplicium

116 1450 229 1516 saltem
251 1452 356 1533 quoad
378 1450 457 1531 illos,
480 1453 534 1533 qui
557 1452 598 1515 ad
616 1450 647 1516 S.
664 1451 800 1517 Ordines
823 1451 1048 1533 suscipiuntur,
1072 1452 1114 1516 ad
1136 1455 1278 1517 tenorem

116 1542 274 1622 expositae
295 1540 519 1622 propositionis
542 1536 756 1614 modificetur3
786 1539 871 1620 quod
900 1539 927 1604 si
949 1537 1015 1619 fiat,
1040 1539 1126 1604 dicta
1149 1557 1279 1620 congre·

116 1629 200 1708 gatio
235 1626 328 1693 firma
359 1629 564 1709 persuasione
597 1647 634 1693 ac
657 1625 773 1694 fiducia
795 1629 962 1706 animatur,
987 1627 1142 1709 eiusmodi
1172 1627 1278 1709 dispo-

117 1715 259 1781 sitionem
282 1720 315 1780 et
336 1716 396 1780 sibi
419 1722 452 1780 et
474 1716 621 1781 universo
636 1714 667 1780 S.
682 1715 718 1779 P.
734 1715 899 1782 Benedicti
914 1714 1025 1782 Ordini
1047 1715 1080 1779 in
1101 1713 1277 1797 proiectum

118 1809 147 1867 et
167 1803 304 1868 salutem
327 1821 487 1869 cessuram
510 1821 588 1871 esse.
664 1836 669 1841 ·

219 1890 342 1970 Quibus
365 1892 515 1974 expositis
534 1909 685 1971 summae,
710 1896 746 1955 ut
767 1910 826 1973 par
849 1897 907 1971 est,
930 1892 1142 1956 venerationis
1165 1897 1199 1957 et
1222 1890 1279 1957 ob·

120 1981 214 2062 sequii
237 1979 383 2044 sensibus
405 1997 454 2044 me
475 1977 627 2061 profiteor

329 2085 446 2149 Datum
469 2085 590 2151 Romae
611 2085 644 2149 in
667 2085 859 2151 monasterio
883 2084 915 2152 S.
939 2083 1063 2150 Callisti

513 2192 565 2258 die
589 2197 628 2258 31
653 2191 761 2256 Martii
788 2195 881 2258 1870.

326 2331 536 2396 humillimum
558 2338 591 2398 et
606 2331 919 2398 observantissimum
942 2348 1068 2396 seruum
1157 2395 1160 2401 .

584 2435 809 2503 HENRIOUM

395 2559 551 2626 nonaum
574 2561 762 2626 monasterii
784 2548 1004 2626 macedones

245 2671 275 2730 et
297 2665 487 2731 Praecidam
510 2666 769 2749 coopreputiom's
790 2665 1150 2732 delecto-benedictinae.

593 2844 804 2852 —-...-.-—---

222 2961 295 3031 Alia,
314 2977 384 3029 qnae
408 2960 443 3017 sd
465 2962 617 3029 Regulrres
643 2962 792 3030 portinent,
821 2961 926 3015 inserts
955 2969 1019 3015 sunt
1043 2961 1195 3016 Postulatis
1225 2959 1281 3014 dis·

120 3049 247 3119 ciplinam
266 3050 466 3120 spectantibus,
485 3051 612 3118 inprimis
632 3048 739 3116 Galliae
758 3057 787 3103 et
806 3048 895 3117 belgii
913 3047 1123 3117 Episcoporum.
