2872 4874
227 343 267 401 76
720 353 891 400 nosrunnrn

333 499 362 560 2.
409 493 488 558 Nam
529 495 618 571 ,viva
648 501 681 557 et
714 492 887 557 infallibilis
917 494 1095 564 auctoritas
1123 493 1156 556 in
1190 510 1230 556 ea
1264 497 1393 557 tantum

226 583 313 663 viget
344 581 496 660 Ecclesia,
532 599 611 662 qrrae
642 579 810 645 aChristo
834 580 968 644 Domino
997 597 1093 660 super
1115 579 1256 659 Petrum,
1293 581 1395 646 totius
1425 642 1432 665 „

225 669 387 734 Ecclesiae
403 668 516 750 Caput,
540 669 726 748 Principem,
753 673 785 732 et
800 667 976 745 Pastorem,
1001 667 1089 747 cujus
1112 665 1206 731 fidem
1230 686 1393 749 nunquam

226 755 405 822 defuturam
438 757 591 837 promisit,
625 753 801 835 aedificata,
837 773 911 820 suos
941 754 1098 834 legitimos
1136 772 1262 836 semper
1294 755 1394 820 habet

226 844 405 923 Pontifices
433 846 501 908 sine
523 844 755 909 intermissione
787 842 826 907 ab
850 843 919 923 ipso
943 842 1038 905 Petro
1062 841 1212 907 ducentes
1237 843 1393 923 originem

225 934 257 996 in
283 932 351 1012 ejus
374 931 536 997 Cathedra
550 931 729 1009 collocatae,
753 935 786 994 et
808 929 949 1010 ejusdem
973 931 1069 994 etiam
1094 929 1264 1008 doctrinae,
1289 930 1394 1012 digni-

224 1020 311 1098 tatis,
335 1020 473 1096 honoris,
497 1037 535 1083 ac
557 1021 725 1100 potestatis
747 1018 901 1083 haeredes
923 1022 956 1082 et
978 1017 1128 1082 vindices
1165 1017 1209 1082 Et
1231 1019 1392 1099 quoniam,

225 1108 279 1172 ubi
302 1107 426 1185 Petrae,
450 1107 494 1171 ibi
516 1105 669 1185 Ecclesia,
680 1109 705 1184 ²)
729 1125 767 1172 ac
789 1105 903 1170 Petrus
925 1124 984 1186 per
1005 1104 1181 1170 Romanum
1204 1103 1392 1172 Pontificem

224 1194 410 1275 loquimar)
434 1200 469 1259 et
491 1212 617 1275 semper
643 1195 677 1258 in
705 1195 772 1258 suis
793 1191 1035 1259 Successoribus
1064 1194 1142 1257 vivit
1172 1199 1205 1257 et
1234 1194 1392 1274 judicium

225 1289 361 1360 exercet,
373 1281 398 1362 ³)
434 1300 471 1347 ac
493 1287 637 1362 praestat
665 1281 889 1363 quaerentibus
913 1280 985 1345 fidei
1016 1281 1237 1362 veritatem34)
1272 1282 1393 1347 idcirco

226 1370 332 1435 divina
355 1370 479 1450 eloquia
502 1388 540 1434 eo
563 1370 657 1451 plane
680 1386 776 1435 sensu
798 1375 873 1433 sunt
895 1367 1086 1449 accipienda,
1110 1387 1205 1449 quem
1227 1371 1332 1435 tenuit
1354 1389 1392 1435 ac

224 1463 314 1521 tenet
345 1456 422 1520 haec
445 1459 588 1522 Romana
610 1456 793 1521 Beatissimi
820 1456 908 1521 Petri
932 1454 1103 1533 Cathedra,
1140 1475 1222 1537 qnae
1251 1457 1394 1529 omnium,

224 1544 439 1610 Ecclesiarum
463 1545 566 1610 Mater
588 1550 622 1608 et
643 1544 797 1625 Magistra
806 1544 834 1625 5)
857 1543 950 1608 fidem
972 1563 993 1608 a
1014 1541 1141 1608 Christo
1166 1544 1301 1608 Domino
1327 1551 1392 1609 tra·

224 1632 335 1711 ditam,
358 1634 516 1713 integram
539 1632 783 1713 inviolatamque
806 1649 931 1713 semper
953 1633 1101 1709 servavit,
1126 1649 1260 1712 eamque
1282 1630 1391 1696 fideles

225 1721 359 1798 edocuit,
384 1721 528 1786 omuibus
543 1721 714 1784 ostendens
737 1719 848 1784 salutis
865 1720 1011 1784 semitam
1034 1724 1068 1783 et
1083 1720 1288 1800 incorruptae
1311 1721 1392 1785 veri-

224 1809 300 1885 tatis
324 1808 566 1885 doctrinam.“⁶)

696 2103 914 2184 andronas,

247 2246 283 2310 ob
307 2265 387 2326 quos
411 2244 543 2309 Schema
564 2265 670 2324 supro
691 2245 890 2323 propositum
913 2246 1017 2326 laepia
1042 2245 1192 2325 expedire
1216 2245 1369 2309 creditor.

329 2403 354 2465 Ι.
400 2402 506 2466 Primo
529 2402 651 2481 sperari
674 2405 743 2464 tuto
767 2405 881 2481 potest,
904 2397 972 2465 lore
994 2407 1031 2465 ut
1052 2400 1234 2484 hujusmodi
1257 2401 1395 2469 Schema

224 2488 372 2573 Patribus
395 2489 487 2569 quasi
509 2489 663 2552 universis
687 2487 787 2567 magis
811 2487 961 2567 arrideat,
987 2496 1144 2553 eteorum
1167 2490 1310 2554 unanimi
1325 2491 1394 2555 lere

224 2574 374 2657 suffragio
398 2575 610 2641 confirmetur.
657 2573 806 2639 Continet
829 2575 912 2639 enim
936 2581 1023 2641 certa
1046 2583 1080 2640 et
1101 2578 1292 2642 inconcussa
1317 2578 1393 2644 doc·

223 2664 327 2728 trinae
352 2662 536 2728 Catholicae
566 2662 722 2744 principia
752 2663 820 2744 jam
842 2664 875 2727 in
906 2664 1055 2729 universa
1076 2664 1222 2730 Ecclesia
1251 2670 1393 2749 recepta,

223 2769 366 2832 quaeque
390 2758 566 2831 agnoscunt
589 2757 622 2815 et
642 2747 833 2831 profitentur
856 2769 972 2830 omnes,
1001 2754 1110 2833 paucis
1134 2753 1282 2834 exceptis
1314 2772 1392 2834 quo-

223 2857 294 2902 rum
316 2857 466 2904 numerus
493 2838 573 2904 adeo
602 2839 733 2920 exignus
762 2843 821 2918 est,
855 2843 892 2902 ut
919 2839 989 2920 ejus
1017 2839 1104 2904 nulla
1131 2841 1212 2904 ratio
1241 2839 1392 2906 habenda

223 2925 380 2991 videatur.
1138 2974 1140 2979 ·

328 3015 369 3080 ll.
400 3013 500 3078 Plena
521 3014 601 3078 haec
616 3007 749 3077 Petrum
775 3013 914 3085 omnium
936 3013 1001 3096 (vel
1014 3014 1127 3080 saltem
1142 3013 1209 3090 fere
1224 3016 1390 3101 omnium),

224 3103 390 3167 consensio
421 3120 486 3166 uon
516 3101 617 3167 solum
649 3100 784 3182 expedit,
819 3102 875 3166 sed
906 3103 1033 3170 omnino
1068 3101 1223 3183 postulari
1252 3102 1389 3182 videtur,

223 3188 349 3269 quando
372 3191 478 3270 agitur
501 3189 540 3253 de
564 3189 667 3269 capite
689 3189 852 3253 doctrinae
875 3189 1064 3254 definiendo:
1087 3190 1274 3271 praesertim
1298 3192 1332 3256 in
1356 3211 1392 3256 re

222 3277 307 3341 tanti
329 3277 489 3354 momenti,
525 3294 706 3356 quassans
740 3277 865 3341 nemine
900 3276 940 3359 (si
962 3277 996 3343 id
1017 3276 1086 3342 fieri
1107 3277 1231 3359 possit),
1268 3278 1391 3347 dissen-

222 3365 320 3429 tiente
343 3364 466 3429 deliniri
489 3363 627 3428 deberet.
1181 3416 1184 3421 .

328 3451 382 3516 111.
414 3451 484 3517 Hoc
507 3457 613 3516 autem
629 3458 772 3532 ternpore
796 3452 951 3533 ejusmodi
973 3452 1164 3517 unanimitas
1188 3471 1391 3535 summopere

101 3552 104 3573 ⁸
222 3540 402 3603 necessaria
435 3538 561 3602 udatur
592 3539 631 3603 ob
653 3557 746 3603 voces
774 3539 808 3602 in
830 3539 944 3621 vulgus
975 3558 1104 3622 sparsas
1128 3545 1161 3604 et
1183 3539 1300 3622 ubique
1324 3560 1393 3606 cre·

223 3626 315 3705 ditas,
339 3627 453 3707 quibus
475 3645 591 3706 magna
613 3628 696 3691 inter
710 3626 823 3693 Patres
845 3626 906 3692 hac
929 3627 967 3692 de
991 3647 1026 3693 re
1042 3627 1200 3693 discordia
1222 3646 1293 3693 esse
1316 3647 1392 3710 per-

222 3713 356 3780 hibetur.
401 3712 566 3779 Unanimis
577 3713 710 3778 Petrum
733 3711 875 3779 definitio
890 3714 1034 3780 hostibus
1057 3716 1174 3780 nostris
1197 3714 1243 3780 sic
1265 3722 1392 3781 temere

220 3800 430 3882 gloriantibus
453 3819 488 3867 os
516 3801 641 3882 penitus
669 3801 857 3881 obstrueret,
892 3809 924 3867 et
947 3803 1113 3867 maximam
1140 3801 1305 3868 Ecclesiae
1327 3803 1391 3869 Dei

221 3943 432 3951 ...ω--α--ι-

330 4008 351 4111 Ξ)
370 4008 396 4062 S.
415 4009 578 4064 Ambrosius
597 4011 624 4063 in
644 4010 688 4066 Ps.
707 4009 766 4063 XL.
841 4009 863 4078 ²)
882 4010 985 4067 Concil.
1003 4010 1131 4088 Chalced.
1152 4014 1214 4064 Act.
1234 4011 1269 4064 ll.

330 4079 352 4217 *ζ
371 4078 822 4218 ἓᾞέιῖειιεΕὸξξῗεοῖΰξῇἚρἰῑ.
841 4149 875 4202 ad
895 4150 1014 4217 Eutych.

329 4221 353 4283 5)
374 4218 476 4274 Concil.
496 4218 569 4293 Trid.
589 4219 663 4276 Sese.
682 4219 743 4275 v11.
764 4219 797 4273 de
817 4220 896 4287 Bapt.

326 4288 347 4371 ff)
365 4287 467 4370 ssu,
483 4289 517 4342 N.
542 4288 799 4370 Epistola'Encycl.
825 4289 974 4372 9Novem.
1000 4292 1078 4371 lsslti,
1107 4305 1124 4343 a
1149 4288 1272 4343 Concilio
1298 4289 1389 4353 narn-

220 4374 339 4414 morensr
358 4358 485 4413 Plenarro
505 4360 540 4412 11.
560 4359 657 4427 relatu,
676 4375 704 4412 ru
723 4358 845 4414 Decreto
864 4359 897 4413 de
915 4359 1089 4427 Hrerarchra,
1109 4358 1174 4427 Cap.
1192 4359 1230 4416 11.
1249 4375 1275 4428 p.
1288 4362 1385 4429 rnre.
