2872 4874
485 309 524 355 ns
548 309 617 356 rinc
641 304 819 359 cursorios.
1213 303 1232 362 7

62 448 136 528 Nos,
162 449 248 513 idem
270 448 435 512 decretum
458 454 655 528 renovantes,
679 449 761 514 hanc
783 449 867 514 illius
890 454 1027 515 mentem
1043 468 1113 517 esse
1128 452 1234 518 decla-

61 556 181 615 ramus,
207 541 243 600 ut
266 536 298 599 in
321 535 419 600 rebus
441 534 515 600 fidei
537 541 568 601 et
588 555 720 617 morum,
745 537 786 601 ad
801 535 1053 603 aedificationem
1068 539 1234 608 doctrinae

64 625 267 690 Christianae
288 624 532 704 pertinentium,
562 625 588 690 is
617 642 676 705 pro
698 643 774 690 vero
798 644 892 691 sensu
916 644 1025 691 sacrae
1047 625 1233 709 Scripturas

64 713 227 779 habendus
251 712 303 790 sit,
327 729 421 792 quem
444 713 548 776 tenuit
564 731 601 776 ae
617 717 706 777 tenet
720 711 836 779 Sancta
852 712 957 779 Mater
972 714 1125 794 Ecclesia,
1142 717 1233 799 cujus

63 807 111 867 est
143 800 291 883 judicare
324 800 365 864 de
398 817 473 864 vero
505 818 600 865 sensu
634 805 667 864 et
697 802 961 882 interpretatione
995 800 1233 886 scripturarum

66 895 265 965 sanctarum3
297 893 397 968 atque
415 887 488 952 ideo
510 888 628 952 nemini
650 888 745 953 licere
767 895 878 954 contra
900 890 984 955 hunc
1007 908 1147 972 sensum,
1177 897 1234 958 aut

64 979 161 1044 etiam
185 982 297 1040 contra
328 976 507 1040 unanimem
539 993 725 1041 consensum
749 977 882 1041 Petrum
912 979 1013 1059 ipsam
1037 977 1232 1060 Scripturam

65 1083 187 1132 sacram
209 1064 426 1144 interpretari.

551 1272 687 1338 CAPUT
702 1273 759 1337 III.

576 1414 628 1480 De
650 1413 722 1495 fide.

171 1557 276 1635 Quum
310 1557 405 1622 homo
440 1575 460 1620 a
488 1557 556 1621 Deo
590 1561 753 1636 tamquam
783 1555 935 1621 Crantore
962 1562 995 1622 et
1018 1558 1152 1623 Domino
1175 1577 1232 1624 suo

69 1652 151 1712 totus
185 1644 382 1727 dependeat,
417 1649 450 1709 et
483 1645 565 1709 ratio
600 1649 706 1709 creata
739 1645 901 1710 increatae
935 1645 1073 1710 Veritati
1105 1648 1233 1727 penitus

71 1736 209 1818 subjecta
243 1735 304 1813 sit,
339 1732 467 1814 plenum
500 1732 657 1797 revelanti
679 1732 746 1797 Deo
780 1732 960 1798 intellectus
995 1738 1028 1798 et
1058 1733 1233 1799 voluntatis

73 1823 249 1903 obsequium
282 1821 344 1886 fide
377 1824 541 1902 praestare
575 1827 727 1885 tenemur.
776 1820 866 1886 Hanc
901 1838 974 1884 vero
1007 1819 1117 1902 fidem,
1152 1840 1233 1903 quae

77 1910 220 1974 humanae
244 1909 356 1974 salutis
378 1909 504 1973 initium
527 1913 588 1987 est,
620 1906 765 1973 Ecclesia
787 1905 942 1973 catholica
964 1907 1145 1989 profitetur,
1170 1910 1233 1974 vir-

81 2004 165 2062 tutem
188 2015 260 2061 esse
283 1995 572 2077 supernaturalem,
607 2013 687 2075 qua,
720 1996 780 2061 Ilei
812 1996 974 2078 aspirante
1001 2001 1033 2061 et
1060 1996 1232 2076 adjurante

89 2087 175 2166 aaa,
200 2085 241 2148 ab
266 2103 303 2148 eo
326 2084 469 2149 revelata
492 2102 569 2147 vera
593 2101 661 2148 esse
684 2084 854 2162 credimus
879 2101 941 2149 uon
965 2089 1097 2164 propter
1120 2085 1231 2149 intrin-

85 2189 169 2238 secam
201 2191 308 2236 rerum
338 2173 508 2236 veritatem
541 2171 680 2235 naturali
712 2172 842 2238 rationis
877 2171 994 2236 lumine
1021 2178 1232 2253 perspectam,

78 2261 122 2324 sed
142 2265 275 2343 propter
289 2260 514 2325 auctoritatem
531 2259 630 2341 ipsius
646 2258 706 2324 Dei
727 2259 907 2340 revelantis,
931 2260 985 2340 qui
1000 2277 1058 2323 nec
1080 2257 1149 2323 falli
1171 2278 1232 2325 nec

75 2347 173 2413 tallere
196 2353 314 2429 potest.
360 2346 421 2413 Est
443 2348 526 2412 enim
549 2345 638 2426 fidae,
662 2352 801 2412 testante
816 2346 976 2428 Apostolo,
1001 2347 1232 2428 sperandarum

72 2437 245 2501 substantia
267 2454 383 2513 rerum,
406 2440 630 2517 argumentum
652 2453 714 2499 nou
737 2436 967 2516 apparentium.
985 2435 1009 2518 1)

169 2523 216 2588 Ut
238 2523 440 2588 nihilominus
470 2523 544 2588 fidei
574 2527 703 2587 nostrae
737 2524 923 2603 obsequium
949 2523 1066 2588 rationi
1100 2540 1231 2589 consen-

67 2616 193 2675 taneum
217 2616 311 2689 esset,
334 2611 435 2676 voluit
458 2613 544 2675 Deus
568 2629 640 2675 cum
662 2610 795 2675 internis
818 2611 954 2692 Spiritus
977 2610 1086 2676 Sancti
1108 2609 1232 2676 auxiliis

66 2705 196 2765 externa
216 2699 306 2779 jungi
329 2699 532 2764 revelationis
555 2716 632 2764 suae
649 2702 847 2780 argumenta,
871 2697 955 2762 facta
977 2698 1098 2765 scilicet
1114 2699 1230 2780 diviua,

64 2795 161 2869 atque
183 2787 337 2868 imprimis
359 2787 514 2851 miracula
538 2792 570 2851 et
599 2786 798 2868 prophetias,
834 2804 915 2868 quae
946 2805 1019 2851 cum
1042 2787 1102 2852 Dei
1132 2787 1232 2852 omni-

62 2875 239 2956 potentiam
264 2880 296 2939 et
318 2873 476 2940 infinitam
499 2876 662 2941 scientiam
685 2873 864 2940 luculenter
892 2879 1155 2956 commonstrent,
1185 2874 1232 2939 di·

60 2964 155 3028 vinae
178 2963 381 3028 revelationis
405 2964 496 3045 sigua
519 2968 593 3028 sunt
609 2963 784 3028 certissima
799 2966 832 3028 et
847 2962 986 3028 omnium
1001 2961 1231 3044 intelligentiae

60 3051 312 3116 accommodata.
367 3050 473 3129 Quare
509 3057 578 3115 tum
608 3050 735 3132 Moyses
767 3055 800 3114 et
829 3048 1025 3132 Prophetae,
1060 3056 1129 3115 turn
1163 3050 1232 3132 ipse

61 3140 199 3204 maxime
224 3138 370 3206 Christus
386 3139 539 3204 Dominus
563 3137 664 3202 multa
686 3144 719 3202 et
742 3137 998 3204 manifestissima
1020 3137 1173 3202 miracula
1197 3142 1231 3203 et

59 3227 247 3309 prophetias
271 3227 452 3305 ediderunt3
476 3233 509 3291 et
533 3228 571 3290 de
588 3225 748 3307 Apostolis
771 3226 919 3308 legimus:
944 3225 1006 3290 Illi
1029 3231 1135 3290 antem
1151 3246 1232 3307 pro-

54 3315 141 3397 fecti
162 3315 438 3395 praedicaverant
459 3315 588 3397 abique,
612 3313 752 3378 Domino
776 3319 975 3395 cooperante,
1003 3320 1033 3379 et
1055 3333 1231 3380 sermonem

58 3404 286 3483 confirmante,
319 3403 522 3485 sequentibus
549 3402 662 3485 sapam
679 3403 704 3483 2)
750 3401 794 3465 Et
825 3419 950 3467 rursum
981 3402 1132 3482 scriptum
1166 3406 1231 3467 est:

58 3490 228 3554 Habemus
259 3491 437 3571 firmiorem
465 3489 689 3571 propheticam
718 3509 909 3568 sermonen,
945 3490 996 3554 cai
1020 3488 1229 3572 benefacitis
1351 3524 1363 3539 ·

56 3577 262 3642 attendentes
285 3579 379 3660 qnasi
404 3578 552 3643 taraone
575 3577 693 3642 meaa
714 3577 751 3642 aa
774 3577 949 3658 cultpinoao
975 3577 1048 3643 loeo.
1064 3576 1091 3662 3)

169 3665 261 3730 Licet
292 3672 399 3730 autern
426 3664 500 3732 fidei
527 3683 676 3731 assensus
710 3682 909 3746 nequaquam
939 3665 981 3730 sit
1007 3669 1111 3731 motus
1134 3663 1231 3728 animi

59 3771 193 3819 caecus:
216 3771 309 3818 nemo
332 3761 440 3818 tamen
454 3753 658 3835 evangelicae
672 3752 902 3834 praedicationi
917 3753 1094 3819 consentire
1115 3755 1229 3833 potest,

56 3842 145 3907 sicut
167 3846 297 3925 oportet
320 3841 520 3908 adsalutem
548 3840 819 3922 consequendam,
852 3839 972 3921 absque
1002 3839 1231 3904 illuminatione

60 3934 94 3994 et
118 3929 329 4010 inspiratione
351 3929 489 4011 Spiritus
512 3928 635 4008 Sancti,
659 3929 714 4009 qui
737 3929 793 3993 dat
816 3928 960 3993 omnibus
983 3928 1174 3993 suavitatem
1197 3927 1231 3991 iu

58 4017 291 4083 consentiendo
326 4023 359 4082 et
387 4016 545 4082 credendo
575 4017 715 4081 veritati.
730 4019 756 4092 4)
803 4014 910 4092 Quare
933 4013 1012 4080 fides
1035 4015 1160 4096 ipsein
1183 4031 1229 4095 se,

175 4261 196 4330 ¹)
213 4260 300 4314 Hehr.
318 4260 365 4313 XI.
388 4264 409 4313 i.
510 4259 531 4327 ¹)
549 4259 636 4315 Marc.
655 4258 727 4312 XVI.
747 4262 791 4317 20.

172 4331 196 4400 ³)
215 4334 242 4384 2.
261 4331 336 4385 Patr.
355 4332 376 4384 Ι.
398 4333 439 4388 19.
512 4330 536 4399 ⁴)
556 4329 656 4398 Synod.
675 4331 774 4383 Araus.
793 4329 829 4382 11.
849 4343 909 4385 cau.
929 4332 953 4381 7.
1019 4405 1020 4409 Ἰ
