2872 4874
135 315 196 374 136
493 328 650 376 scaenam
673 327 932 417 conspuendam

134 486 242 532 eorum
265 472 412 531 teneatur
434 468 587 548 deputare
609 467 769 532 Viearium
792 487 830 531 ex
853 468 936 531 clero
959 468 1026 532 sive
1050 467 1203 532 saeculari
1222 487 1235 533 s

133 554 280 634 regulari,
304 555 440 619 habilem
465 561 572 619 tamen
595 560 690 635 atque
713 556 870 619 idoneum.
921 554 953 620 Is
976 573 1053 620 vero
1081 561 1154 637 post
1176 556 1235 620 Vica

134 642 306 723 apostolici
330 644 450 707 obItum
480 650 643 723 tamquam
673 643 767 724 hujus
789 641 820 706 S.
845 642 935 709 Sedis
965 643 1131 724 delegatus
1155 661 1235 707 assur

133 731 274 808 regimen
296 731 486 809 Vicariatus,
511 735 543 794 et
565 731 599 793 iu
622 731 773 811 ejusmodi
801 748 932 794 munere
958 731 1171 811 permanebit,
1195 731 1235 795 dor

133 835 232 882 novus
248 817 449 900 Apostolicus
469 818 612 883 l'icarius
634 818 675 882 ab
698 818 811 883 eadem
825 817 857 884 S.
882 817 963 882 Sede
986 819 1171 898 designatus
1193 819 1235 898 ips

134 906 314 970 vicariatus
330 906 561 986 possessionem
584 911 616 970 et
638 907 779 987 regImen
795 905 918 984 adierit,
943 906 993 970 vel
1009 924 1109 986 usque
1128 905 1235 986 adque

135 1012 268 1074 cumque
290 993 387 1057 aliam
410 993 536 1075 abipsa
557 993 726 1058 ineundam
742 993 989 1071 ordinationem3
1013 994 1160 1074 idemque
1175 994 1235 1074 pari

133 1081 270 1146 alterum
293 1081 402 1144 statim
426 1081 590 1161 deputabit
613 1081 859 1145 ecclesiasticum
882 1081 992 1161 virum,
1026 1082 1079 1162 qui
1103 1083 1141 1161 ei,
1165 1083 1191 1145 si
1211 1079 1235 1145 lo

133 1169 262 1233 interim
284 1168 408 1246 obierit,
432 1169 465 1231 in
488 1188 618 1233 munere
647 1168 816 1234 succedere
844 1168 968 1232 debeat.
1013 1168 1167 1233 Volumus
1190 1172 1235 1232 aut

134 1256 348 1337 pro-vicarios
380 1255 567 1337 hujusmodi,
600 1275 669 1320 cum
702 1257 879 1320 Vicariatus
914 1256 1057 1336 regimen
1089 1259 1235 1337 suseeper

134 1361 198 1409 non
221 1343 322 1408 solnm
344 1343 383 1408 iis
406 1345 550 1408 omnibus
575 1350 608 1408 et
631 1345 761 1426 singulis
793 1345 841 1409 uti
863 1362 956 1424 posse
978 1343 1192 1424 facultatibus,
1213 1362 1235 1424 qr

136 1432 272 1512 cujusvis
295 1431 458 1496 Ecclesiae
481 1429 679 1496 Cathedralis
703 1432 831 1517 Viqario
854 1430 1029 1512 Capitulari
1058 1431 1188 1513 dejure
1210 1449 1235 1497 cr

135 1524 243 1600 petere
266 1519 504 1600 dignoscuntur,
528 1539 637 1586 verum
661 1521 756 1584 etiam
779 1520 891 1583 iisdem
913 1519 1203 1597 fraternitatibus,
1224 1537 1235 1599 q

134 1606 194 1668 bus
216 1606 383 1670 defunctus
406 1607 548 1671 Vicarius
571 1607 771 1688 Apostolicus
793 1606 948 1688 pollebat,
982 1607 1020 1672 ils
1054 1608 1217 1671 dumtaxat

136 1695 233 1774 ceptis
257 1713 338 1775 quae
367 1695 531 1775 requirunt
561 1696 776 1760 characterem
803 1694 1038 1776 Episcopalem‚
1070 1694 1121 1759 vel
1144 1711 1235 1759 nona

135 1779 304 1846 Sacrorum
336 1780 485 1847 Oleorum
516 1802 576 1847 usu
605 1789 805 1860 exercentur3
838 1783 940 1847 eidem
967 1789 1073 1846 tamen
1106 1786 1235 1863 potestat

135 1867 267 1935 facimus
290 1875 335 1948 ut,
359 1871 621 1951 quandocumque
637 1871 811 1935 necessitas
834 1876 958 1952 urgeat,
989 1871 1091 1951 possit
1114 1887 1235 1935 consecr

135 1957 260 2035 calices,
285 1963 426 2038 patenas,
450 1964 482 2022 et
496 1959 614 2023 altaria
636 1959 807 2040 portatilia,
832 1976 903 2022 cum
920 1958 1024 2023 Sacris
1041 1957 1128 2022 Oleis
1153 1960 1190 2023 ab
1203 1955 1235 2037 E]

136 2062 216 2126 copo
238 2045 421 2111 benedictis,

241 2132 277 2196 In
300 2133 449 2199 Ecclesiis
472 2133 552 2197 ritus
575 2133 757 2214 orientalis,
780 2134 819 2198 iis
842 2134 979 2214 exceptis
1002 2151 1082 2213 quae
1106 2133 1235 2197 habent·

136 2218 272 2300 pitulum
293 2220 434 2302 legitime
456 2221 637 2286 Institutum
661 2221 745 2302 quod
764 2219 835 2301 jure
858 2220 958 2301 pollet
980 2221 1117 2302 allgendi
1136 2218 1235 2284 Vican‘

137 2303 361 2388 Capitularem
386 2307 527 2374 defuncti
548 2309 695 2390 Episcopi
710 2309 854 2373 Vicarius
876 2309 1018 2390 regimen
1039 2309 1183 2372 vacantis
1205 2306 1235 2370 Di

132 2398 219 2461 cesis
243 2414 280 2460 eo
302 2398 370 2477 ipso
394 2402 549 2476 assumat,
580 2397 679 2461 donec
710 2397 845 2461 certiore
868 2396 1100 2477 quamprimum
1123 2393 1235 2460 factol

137 2482 329 2564 tropolitano
345 2482 396 2548 vel
413 2482 607 2561 Patriarcha
632 2484 777 2565 ejusdem
802 2486 944 2548 vacantis
965 2483 1130 2549 Ecclesiae
1146 2483 1235 2565 guber

136 2571 198 2636 rite
221 2570 403 2636 consulatur
425 2589 525 2653 nsque
547 2571 588 2635 ad
611 2571 684 2635 novi
707 2570 859 2652 Episcopi
882 2572 1077 2637 electionem.
1190 2639 1196 2646 ,

612 2771 824 2780 Μ

588 2953 622 3035 5.
664 2951 851 3036 stanna

438 3128 501 3192 nn
526 3127 781 3193 ennarrans
807 3126 999 3194 urssln.

243 3285 314 3350 Etsi
336 3284 388 3350 fel.
411 3304 473 3350 rec.
496 3284 645 3350 Urbanus
668 3285 754 3350 VIII.
778 3290 810 3349 et
833 3285 1035 3350 Innocentius
1058 3285 1128 3348 XII.
1164 3285 1235 3349 Prae

139 3391 279 3438 cessores
302 3373 412 3438 Nostri
440 3372 534 3454 plura
557 3373 696 3438 Decreta
727 3373 766 3437 de
796 3372 1006 3437 celebratione
1029 3373 1201 3438 Missurum
1230 3392 1235 3435 r

139 3462 227 3543 giose
250 3459 392 3526 curanda
406 3460 573 3539 ediderint,
581 3461 609 3544 1)
632 3464 741 3526 tamen
761 3460 930 3524 lamentari
946 3462 1096 3543 cogimur,
1121 3461 1235 3541 optima

138 3550 250 3614 iisdem
273 3554 422 3630 suscepta
454 3549 583 3613 consilia
612 3548 654 3612 ad
677 3553 839 3629 speratum
867 3549 984 3612 exitum
1014 3549 1188 3630 generatim
1218 3548 1235 3611 b

139 3635 237 3701 irrisae
258 3636 422 3717 perducta,
446 3641 543 3716 atque
564 3636 679 3700 idcirco
702 3637 756 3716 pla
771 3635 939 3700 Missarum
958 3654 1065 3714 onera,
1088 3653 1205 3716 magno
1230 3659 1235 3696 ι

140 3725 236 3789 divini
259 3724 363 3788 cultus
386 3724 586 3802 detrimento,
611 3722 832 3806 suffragiorum
855 3724 1082 3802 imminutione,
1106 3731 1140 3787 et
1162 3721 1235 3787 fidel

140 3811 299 3891 scandalo,
332 3829 395 3875 non
419 3829 457 3875 ea
479 3830 543 3892 qua
565 3830 623 3892 par
647 3817 696 3876 est
724 3810 786 3875 tide
817 3830 854 3876 ac
877 3810 1040 3893 diligentia
1062 3812 1178 3891 ubique
1203 3811 1235 3875 ac'

140 3899 230 3980 pleri.
269 3897 350 3963 Cum
370 3900 470 3980 igitur
493 3916 574 3980 quae
597 3899 748 3965 charitati
765 3899 970 3981 justitiaeque
993 3904 1204 3963 consentanea
1230 3916 1235 3962 r

139 3986 292 4052 inviolata
322 3990 405 4051 tueri
427 3993 460 4051 et
480 3987 639 4052 custodire
663 3986 817 4050 maximae
844 3985 942 4051 Nobis
965 4005 1060 4050 curae
1082 4004 1153 4050 esse
1176 3985 1235 4050 deb

140 4075 315 4156 Episcopis
345 4074 486 4140 locorum
509 4073 696 4152 ordinariis,
727 4073 860 4155 aliisque
882 4072 1046 4152 Praelatis
1079 4075 1175 4138 etiam
1198 4073 1235 4137 Rc

139 4218 351 4228 ——v———a-n—

249 4268 269 4336 1)
287 4267 349 4321 Vid.
376 4267 468 4321 Const.
491 4265 595 4322 Urbani
617 4265 691 4319 VIII.
719 4263 784 4317 Grm
802 4279 883 4332 saepe
905 4268 949 4322 21.
968 4264 1042 4318 Junii
1062 4267 1148 4318 -1625.
1175 4272 1203 4318 et
1222 4265 1235 4316 I

138 4338 220 4392 centii
240 4337 300 4391 XII.
319 4337 419 4404 Nuper
437 4337 480 4391 23.
498 4336 658 4392 Decembris
678 4336 756 4389 1697.
