2872 4874
434 343 474 390 uc
498 343 596 389 assus
620 342 807 391 ooaunrrcrs.
1152 330 1213 390 117

66 484 193 548 diuturni
226 483 393 564 temporis,
426 482 577 564 quamdiu
612 481 767 562 Ecclesia,
802 482 851 546 vel
881 481 1028 547 Summus
1059 462 1214 563 Pontifex,

62 571 202 654 judicium
237 569 375 651 differat,
410 571 619 635 restitutionis
656 572 743 635 oneri
777 569 935 651 implendo
968 571 1107 653 impares
1142 588 1215 652 pas-

67 661 115 724 sim
135 657 223 724 fiunt.

157 745 358 828 Quapropter
372 745 496 810 videtur
519 746 551 808 in
574 744 634 811 hac
656 762 769 809 caussa
783 761 963 826 supremum
982 744 1134 825 judicium
1150 763 1214 810 non

64 852 144 914 posse
168 834 288 898 diutius
316 834 484 911 contineri,
520 841 588 897 turn
622 834 697 914 quia
728 850 790 898 non
820 833 924 913 agitur
954 832 992 895 de
1023 832 1146 897 Ritibus
1170 833 1213 898 ad

63 921 156 986 Diviui
178 921 292 987 Cultus
320 922 490 986 essentiam
514 939 577 985 non
600 921 815 1001 spectantibus
846 921 922 1001 (quo
946 921 978 983 iu
1006 938 1094 996 casu,
1124 920 1214 985 salva

60 1007 140 1073 Fidei
173 1025 211 1074 ac
241 1027 362 1073 morum
387 1009 549 1087 Doctrina,
572 1016 705 1090 possunt
729 1008 867 1073 Decreta
897 1008 938 1072 ad
960 1007 1089 1090 longum
1117 1009 1213 1073 etiam

60 1103 173 1178 tempus
197 1095 340 1180 differri),
365 1097 422 1161 sed
445 1096 484 1160 de
507 1097 734 1161 commutativa
753 1095 887 1175 justitia,
911 1097 1000 1177 cujus
1024 1095 1160 1175 violatio,
1184 1097 1210 1160 si

55 1190 146 1264 extat,
169 1184 381 1249 restitutionis
411 1201 491 1248 onus
514 1182 650 1263 inducit,
685 1184 734 1247 cui
758 1202 852 1264 quam
883 1184 974 1247 citius
998 1183 1094 1248 debet
1118 1185 1211 1248 satis-

56 1269 134 1351 fieri3
164 1281 234 1336 tum
257 1272 333 1354 quia
355 1278 463 1337 tractu
485 1272 644 1352 temporis,
676 1277 712 1336 ut
734 1270 829 1351 paulo
853 1277 928 1336 ante
951 1277 1000 1336 est
1022 1272 1211 1354 expositum,

55 1377 150 1441 neque
173 1365 368 1437 mutuantes,
395 1376 498 1440 neque
520 1360 684 1439 haeredes,
715 1359 743 1423 si
765 1357 848 1423 forte
870 1365 1050 1438 teneantur,
1084 1361 1176 1425 restit
1199 1396 1211 1406 -

55 1447 125 1512 tioni
146 1444 313 1512 faciendae
335 1447 538 1511 invenientur
559 1465 664 1528 pares.

151 1534 274 1613 Quibus
305 1534 445 1600 breviter
475 1535 642 1617 expositis,
673 1533 939 1616 archiepiscopus
967 1540 1077 1599 orator
1100 1533 1212 1600 Sacro-

53 1626 193 1688 sauctum
216 1623 407 1687 Vaticanum
439 1621 622 1700 Concilium,
654 1639 709 1685 seu
741 1623 918 1686 universam
941 1621 1115 1688 Ecclesiam
1138 1641 1212 1688 cou-

56 1716 210 1791 gregatam
226 1709 389 1775 humiliter
399 1709 572 1792 appellans,
589 1728 686 1793 super
697 1710 846 1791 expositis
862 1727 1043 1790 supremum
1056 1710 1209 1790 jndicium

58 1804 208 1879 expectat3
245 1815 377 1880 cumque
399 1799 469 1879 ipsa
492 1816 511 1861 a
535 1796 655 1878 Spiritu
677 1798 822 1862 veritatis
845 1805 985 1879 regatur,
1008 1805 1042 1861 et
1065 1797 1213 1862 columna

57 1902 88 1949 ac
106 1884 337 1950 firmamentum
372 1885 596 1963 adventatis
632 1886 757 1950 nonnisi
787 1884 959 1950 catholicae
988 1886 1115 1950 veritati
1137 1904 1212 1951 con-

64 1989 156 2050 gruum
178 1972 331 2053 judicium
355 1973 596 2054 expectandum.

148 2059 317 2142 Superest,
349 2066 386 2126 ut
408 2060 525 2125 Orator
547 2059 821 2142 Archiepiscopus,
853 2059 985 2142 genibus
1008 2059 1202 2141 provolutus,

65 2142 239 2214 beatitudini
253 2148 341 2213 Tuae
362 2149 460 2230 pedes
483 2147 695 2213 deosculando
712 2145 909 2230 profiteatur,
935 2166 955 2212 a
976 2147 1020 2212 Te
1043 2154 1206 2228 tamquam

13 2278 16 2283 .
61 2229 141 2300 Petra
174 2254 301 2302 omnem
334 2236 494 2301 Ecclesiae
523 2236 781 2318 praerogativam
816 2235 972 2314 derivare3
1007 2253 1140 2316 cumque
1174 2237 1207 2300 in

60 2316 133 2386 Petri
153 2341 291 2405 persona
312 2324 372 2389 tibi
395 2323 471 2389 olim
493 2342 513 2387 a
536 2322 662 2389 christo
691 2324 814 2388 dictum
836 2322 933 2388 fuerit
954 2343 1016 2403 pro
1039 2329 1069 2388 te
1091 2324 1206 2406 ropavi

58 2411 87 2470 at
103 2429 165 2475 oon
193 2411 320 2493 &fidat
341 2411 443 2476 Fides
465 2417 531 2488 too,
556 2430 575 2476 a
599 2411 644 2477 Te
665 2413 834 2494 praecipue
856 2428 1037 2492 supremum
1057 2411 1209 2492 judicium

55 2493 129 2561 siud
149 2498 182 2563 iu
205 2500 349 2583 exposita
372 2516 493 2577 caussa,
516 2501 563 2563 ita
585 2499 618 2563 in
640 2500 795 2577 omnibus,
819 2517 900 2581 quae
924 2500 966 2564 ad
988 2499 1097 2565 Fidem
1120 2515 1208 2579 spec-

58 2587 129 2664 tant,
149 2603 211 2651 uua
235 2606 307 2652 cum
325 2588 473 2652 universa
488 2585 632 2651 Ecclesia
646 2587 874 2668 praestoletur;
898 2594 930 2652 et
953 2589 1113 2669 cumipse
1132 2585 1210 2667 falli

56 2687 184 2825 mg„
207 2675 250 2827 Ίξ
269 2693 448 2826 {agnoscens
472 2693 508 2739 ac
531 2672 665 2740 feliciter
688 2675 873 2755 praedicans
896 2674 1057 2741 humiliter
1081 2675 1210 2741 demum

165 2778 227 2827 serr
249 2782 293 2830 a.

152 2864 310 2948 Hydrunli
334 2866 383 2933 die
407 2871 458 2932 28.
481 2867 625 2932 Januarii
653 2871 747 2933 1870.

343 3009 363 3089 †
386 3007 572 3072 Vincentius
598 3006 743 3072 Andreas
767 3006 911 3088 Archiep.
935 3005 1163 3088 Hydruntinus.
