2872 4874
600 114 639 160 or
660 113 842 164 omonimo.
1249 105 1315 164 189

169 253 234 336 lagia
260 252 519 332 concederentur,
549 273 587 318 ex
609 254 724 336 quibus
745 259 909 319 caeterum
938 254 1027 319 nulla
1047 255 1194 320 oriuntur
1215 257 1314 335 mala,

167 341 207 406 ubi
225 341 406 418 Preesnlcs,
436 342 521 407 sicut
541 345 659 424 passim
682 342 812 420 accidit,
844 344 884 407 ab
910 341 982 406 aliis
1004 341 1189 421 Ordinariis,
1222 344 1308 409 intra

167 446 282 509 quornm
306 429 503 495 Dioecesium
526 429 596 495 loca
611 430 813 494 continentur
834 429 954 494 eisdem
977 447 1134 509 concessa,
1159 449 1221 496 non
1246 432 1313 497 dis·

167 517 297 582 antiunt

253 605 296 668 nt
315 623 379 670 non
401 607 448 670 ita
469 606 575 670 evenit
595 606 628 668 in
651 605 767 682 Sicilia,
791 606 845 669 ubi
868 610 918 670 est
938 607 1094 685 quaedam
1117 605 1304 670 Praelatnra

166 693 470 757 Archimcndritutus
493 695 632 763 nomine.
663 711 702 757 ac
729 692 920 757 Monasterio
942 693 1032 757 Ssmi
1055 693 1228 759 Salvatoris
1252 695 1313 760 Or·

166 781 231 845 dinis
245 781 276 847 S.
291 781 402 845 Basilii
425 782 594 846 Messanae
615 781 747 846 adnexa.
795 781 883 846 Haec
904 797 994 844 snam
1017 787 1143 846 exercet
1162 781 1309 862 jurisdic-

165 870 266 934 tionem
290 886 363 933 cum
386 871 419 932 in
446 868 605 934 nonnullis
637 869 777 950 ejusdem
802 866 949 932 Civitatis
971 868 1062 948 lucia,
1093 875 1161 934 tum
1184 871 1216 934 in
1239 869 1310 934 aliis

165 959 242 1022 terris
257 957 458 1021 Dioecesium
474 957 685 1021 Messanensis
709 962 741 1020 et
760 956 931 1022 Pactensis.
949 956 1207 1022 Archimandrita
1221 959 1314 1039 quin·-

164 1046 300 1126 paginis
330 1045 445 1110 abhinc
476 1046 566 1110 anuis
597 1063 659 1107 non
689 1042 750 1107 fuit
780 1043 916 1120 electus3
949 1051 1046 1125 atque
1068 1045 1140 1109 ideo
1163 1045 1312 1110 Monacbi

164 1150 207 1212 per
228 1133 388 1198 vicarium
412 1130 627 1215 Capitularem
654 1133 708 1213 jus
739 1131 857 1195 eisdem
886 1149 1069 1196 concessum
1092 1137 1310 1199 exercuerunt.

251 1219 344 1298 Quae
367 1227 400 1285 et
422 1228 542 1301 quanta
565 1220 649 1283 mala
670 1220 745 1283 inde
769 1225 841 1282 orta
859 1217 977 1283 fuerint
998 1220 1127 1301 longum
1152 1226 1237 1285 esset
1259 1240 1314 1286 re·-

163 1306 237 1373 lcrre.
284 1308 459 1390 Disciplina
482 1309 620 1385 diversa,
650 1316 682 1370 et
705 1307 849 1371 diversae
871 1304 998 1370 fuerunt
1023 1308 1112 1390 leges
1134 1309 1219 1373 inter
1240 1308 1309 1373 loca

116 1402 118 1421 ²
163 1393 289 1473 finitima,
313 1397 360 1460 ita
382 1403 418 1460 ut
440 1396 574 1478 populus
606 1395 668 1459 sibi
695 1395 888 1476 persuadere
919 1413 981 1459 non
1009 1395 1133 1460 valeret
1154 1398 1314 1477 quomodo

162 1500 210 1549 no
229 1484 302 1549 loco
325 1485 435 1549 liceret
457 1483 541 1565 quod
564 1484 597 1546 iu
619 1485 760 1563 proximo
787 1482 875 1547 nefas
905 1489 1000 1547 esset.
1048 1481 1171 1561 Clerici,
1194 1484 1310 1564 quibus

164 1573 259 1638 nerito
283 1573 326 1636 ab
349 1571 594 1653 Arcbiepiscopo
613 1570 810 1634 Messanensi
832 1570 883 1634 vel
905 1568 1051 1634 Pactensi
1074 1569 1232 1653 Episcopo
1256 1572 1310 1636 de·

165 1661 326 1741 regebatur
348 1661 390 1724 od
413 1677 521 1725 sacrus
537 1659 671 1723 Ordines
690 1675 848 1735 ascensus,
872 1656 957 1721 facili
979 1658 1102 1721 ratione
1125 1659 1309 1723 Archiman·

170 1745 283 1812 uncus
307 1745 401 1812 Clero
423 1747 701 1823 adscribebantur,
730 1751 763 1809 et
785 1746 831 1810 sic
853 1751 966 1825 optata
987 1746 1191 1826 potiebantur
1212 1751 1307 1812 meta.

172 1829 331 1919 babyteri
352 1836 519 1913 interdum,
541 1834 655 1915 quibus
677 1834 717 1897 ab
733 1832 977 1914 Archiepiscopo
992 1833 1190 1898 Messanensi
1212 1835 1314 1897 inter--

171 1918 314 1990 dcebatur
329 1923 509 2000 celebratio,
532 1923 563 1986 iu
580 1920 731 1986 Ecclesiis
745 1919 1056 1986 Archimandritatus
1073 1938 1198 1985 sacrum
1213 1919 1309 1986 facie·

169 2006 239 2075 bant:
254 2011 342 2076 nulla
359 2012 493 2091 denique
507 2029 565 2091 per
580 2015 630 2074 tot
645 2026 743 2073 annos
759 2026 853 2073 sacra
866 2009 1006 2072 visitatio
1021 2007 1082 2073 fuit
1095 2027 1153 2088 per
1166 2009 1309 2073 Vicarios

169 2091 350 2179 Capitulares
383 2104 527 2181 peracta,
562 2116 599 2162 ac
631 2097 762 2178 perinde
793 2097 865 2161 loca
898 2096 1069 2160 eorundem
1099 2095 1312 2176 jurisdictioni

168 2183 292 2268 mbjecta
314 2187 472 2252 scandalis
503 2190 639 2251 scatent.
687 2185 722 2248 ln
748 2202 913 2264 praesens,
937 2183 1133 2248 Monasterio
1162 2203 1221 2265 per
1251 2202 1309 2266 gu·

168 2269 251 2339 berbii
276 2275 382 2357 legem
405 2292 588 2356 suppresso,
617 2274 720 2353 ipsum
743 2270 926 2353 Capitulum
949 2277 999 2336 est
1022 2272 1218 2336 dissolutum.

253 2362 344 2428 Haec
367 2363 471 2428 omnia
494 2380 589 2442 quum
612 2359 762 2425 Sanctam
785 2360 897 2424 Sedem
919 2378 983 2424 non
1005 2359 1152 2439 laterent,
1175 2377 1233 2440 pro
1252 2378 1308 2440 pa-

168 2450 269 2530 narni,
293 2469 390 2532 quam
405 2451 536 2528 obtinet,
560 2448 771 2513 sollicitudine
787 2449 885 2511 totius
902 2447 1004 2526 Orbis,
1028 2447 1146 2528 pluries
1168 2452 1308 2515 mentem

168 2547 239 2601 uam
262 2539 387 2621 aperuit
410 2538 450 2602 dc
472 2536 652 2620 hujusmodi
673 2535 765 2599 malis
787 2533 981 2616 reparandis

252 2625 344 2690 Nunc
372 2643 468 2705 quum
498 2622 605 2689 forsan
627 2624 684 2687 abs
711 2640 746 2685 re
767 2640 831 2687 non
853 2623 908 2703 sit,
938 2628 974 2686 ut
1002 2619 1177 2686 Concilium
1206 2621 1312 2688 Occu·

166 2713 304 2779 nenicum
327 2714 515 2778 Vaticanum
544 2711 665 2791 aliquid
691 2709 831 2791 attingat
853 2709 892 2773 de
922 2727 1005 2774 noua
1027 2709 1224 2775 Dioeccsium
1249 2710 1307 2775 cir·

165 2802 401 2883 cumscriptione,
424 2801 504 2865 haec
528 2797 711 2879 exponenda
738 2802 949 2878 opportunum
974 2796 1127 2877 judicavi,
1157 2802 1194 2861 ut
1216 2801 1312 2862 tanto

162 2885 233 2952 nalo
253 2889 427 2954 remedium
451 2885 610 2952 afferatur.

252 2994 312 3059 Die
336 2999 364 3058 8.
388 2993 555 3058 Februarii
580 2996 675 3056 1870.

511 3113 722 3191 numillimus,
747 3117 780 3176 et
802 3113 921 3177 Obmus
944 3110 1095 3176 Subditus

361 3279 363 3286 .
424 3225 444 3302 ι
468 3221 614 3302 Aloysius
637 3217 899 3298 Archiepiscopus
922 3217 1144 3323 Messanensis.

621 3419 832 3427 ———-—————-

527 3623 576 3704 11.
620 3618 925 3702 Pbsl'llbllllll

462 3777 695 3844 crisconi
718 3776 986 3843 vrcnnnnu.

250 3921 433 3986 Postulatur
454 3928 491 3985 ut
513 3919 645 3984 tollatur
667 3885 817 3999 obligatio
840 3917 1050 3982 transierendi
1066 3911 1180 3980 Officia
1202 3913 1307 3980 Sanc·-

130 3982 249 4072 to¹⁴um
270 4007 352 4076 sesto
375 4009 481 4088 aliquo
496 4006 609 4086 majori
630 4008 792 4089 impedita,
815 4007 961 4086 imposita
983 4009 1106 4067 tantum
1129 4003 1302 4068 eorundem

130 4085 439 4162 courmemoratiune
461 4097 494 4160 in
517 4092 627 4159 Cilicio
650 4105 683 4159 et
706 4093 806 4158 Missa
828 4093 957 4174 majoris
979 4090 1076 4158 Festi.
