2872 4874
598 311 637 357 nn
661 311 839 359 mscmrmn.
1243 304 1304 363 145

161 447 275 514 verbum
290 448 433 515 divinum
455 450 646 515 annuntiare
660 451 834 530 studerent,
858 459 892 516 ut
915 458 949 516 et
969 454 1097 534 ignaros
1121 455 1258 535 erudire,
1275 462 1308 521 et

164 543 328 614 peccatores
350 537 393 602 ad
416 539 645 619 poenitentiam
675 546 862 604 convertere
895 546 929 605 et
952 540 1056 621 Justos
1080 542 1111 605 in
1134 543 1186 606 via
1208 544 1308 608 virtu·

164 629 215 689 tum
234 643 420 706 promovere
442 622 613 690 efficaciter
635 634 773 707 possent.

249 711 491 795 Praeciperetur
520 733 643 795 quoque
675 720 724 791 ut,
756 715 789 779 in
812 715 1046 796 parochialibus
1072 716 1234 796 quibusvis
1256 735 1307 782 ec-

167 797 257 880 clesiis,
280 801 437 867 Doctrina
460 801 642 867 christiana.
670 803 703 866 in
725 808 856 883 pronais
879 809 912 866 et
935 804 1147 884 concionibus,
1177 823 1236 886 per
1257 823 1306 870 or-

168 884 260 967 dien,
284 889 474 968 successive,
497 888 651 970 complete
675 896 709 954 et
731 889 834 954 lucide
857 890 1053 969 traderetur;
1076 893 1124 956 ita
1146 897 1181 955 ut
1204 911 1306 971 nemo,

168 975 315 1053 parochiae
349 994 428 1041 suae
462 977 733 1058 praedicationum
776 978 903 1043 auditor
935 979 1098 1058 assiduus,
1133 978 1307 1060 Religionis

166 1061 303 1144 dogmata
327 1072 502 1145 praecepta
535 1069 567 1128 et
589 1070 788 1130 sacramenta
818 1066 965 1146 ignorare
992 1071 1114 1147 posset:
1149 1067 1307 1148 adquam

166 1151 241 1215 etiam
268 1149 364 1216 finem
396 1153 530 1216 multum
548 1153 687 1234 juvabit,
723 1153 749 1216 si
772 1153 946 1232 interdum,
979 1154 1029 1218 bis
1052 1174 1081 1221 v.
1105 1174 1136 1236 g.
1160 1156 1193 1219 in
1215 1173 1306 1233 anno,

106 1314 109 1327 ‚
161 1240 321 1320 praecipuis
355 1241 491 1305 maxime
520 1238 762 1318 festivitatibus
795 1241 923 1320 quando
954 1241 1056 1324 plebis
1090 1241 1191 1322 major
1218 1243 1309 1308 adest

161 1341 326 1406 concursus,
359 1334 430 1392 tota
452 1327 615 1393 doctrinae
648 1327 839 1392 christianae
871 1328 969 1393 series
1000 1329 1142 1395 breviter
1165 1335 1198 1395 et
1222 1331 1308 1396 clare

160 1422 364 1495 exponeretur.

159 1633 206 1702 De
218 1639 379 1720 postorali
403 1641 620 1706 sollicitudine
643 1663 721 1724 erpa
731 1663 852 1722 pueros
870 1649 899 1707 et
914 1645 1067 1725 juvenem
1090 1649 1121 1709 et
1138 1648 1247 1727 priam
1271 1647 1309 1712 de

337 1747 496 1828 frequenti
520 1754 549 1810 et
571 1747 685 1812 sedala
703 1768 880 1827 puerorum
903 1749 1109 1828 consessione.

250 1901 330 1969 Cum
346 1904 527 1968 adultorum
542 1908 635 1968 tanta
658 1923 743 1985 pars,
759 1904 859 1969 virilis
875 1905 1045 1987 praecipue
1061 1923 1164 1986 sexus,
1187 1911 1310 1989 praxim

157 1976 359 2056 Gbnmnnam
381 2009 511 2072 prorsus
545 1991 701 2073 negligat,
738 1991 889 2058 ecelesias
912 2012 1023 2074 parum
1046 1991 1242 2076 frequentet,
1276 2003 1309 2061 et

154 2081 254 2145 aneto
277 2077 362 2144 Cleri
392 2077 523 2143 influxui
545 2098 580 2144 se
603 2099 702 2161 prope
725 2080 870 2145 totaliter
886 2081 1063 2161 subtrahat,
1087 2083 1222 2163 maximi,
1247 2083 1319 2149 hac*

151 2169 254 2232 noma
286 2169 475 2250 praesertim
504 2173 627 2246 aetate,
663 2169 816 2232 momenti
850 2175 936 2233 esset
963 2175 1000 2233 ut
1029 2170 1198 2252 pastoralis
1233 2189 1308 2234 cura

148 2247 292 2337 zelusque
316 2255 524 2320 sacerdotalis
548 2254 720 2335 sollicitius,
752 2261 784 2320 et
807 2257 916 2336 quovis
939 2257 1083 2340 possibili
1106 2256 1209 2337 modo,
1233 2276 1310 2341 erga

146 2344 260 2408 llberos
283 2362 321 2408 ae
341 2346 475 2426 juvenes
506 2360 540 2408 se
563 2344 789 2424 impenderent.
840 2342 1053 2422 Quamobrem
1082 2345 1175 2410 valde
1198 2350 1309 2426 optan-

145 2417 219 2495 dum
242 2432 415 2508 videretur,
448 2431 681 2511 instantiusque
707 2431 903 2512 postulatur,
935 2439 971 2497 ut
994 2452 1032 2498 ea
1055 2434 1094 2497 de
1117 2451 1166 2514 rc,
1199 2438 1309 2498 tantae

142 2517 253 2601 vtique
278 2524 399 2584 ettam
429 2519 571 2600 urgentis
594 2521 803 2599 necessitatis
835 2520 990 2600 parochos
1014 2539 1121 2586 omnes
1146 2540 1183 2586 ac
1207 2539 1310 2586 sacer·

139 2591 236 2673 dotes
250 2607 421 2672 admonere
435 2605 531 2671 vellet
548 2605 732 2688 Concilium,
748 2607 1093 2690 vehementissimeque,
1111 2615 1179 2674 tum
1195 2609 1310 2674 adhor-

139 2685 255 2777 tando,
279 2702 348 2759 tum
371 2695 466 2758 etiam
489 2695 718 2776 praecipiendo,
748 2713 802 2759 eos
825 2696 867 2760 ad
889 2696 922 2759 id
944 2695 1124 2761 faciendum
1147 2699 1310 2762 excitaret.

249 2781 294 2848 at
327 2784 444 2867 primo:
479 2801 549 2847 cum
581 2787 720 2863 matura,
756 2781 903 2863 frequens
938 2788 971 2848 et
1004 2783 1113 2848 sedula
1156 2784 1309 2851 confessio

135 2866 399 2936 efficacissimum
414 2872 455 2935 sit
476 2869 614 2934 medium
630 2889 691 2951 quo
713 2869 805 2952 pueri
821 2871 924 2935 averti
938 2889 958 2935 a
974 2871 1058 2935 vitiis
1075 2877 1106 2936 et
1129 2871 1310 2937 christianis

134 2955 316 3025 Virtutibus
339 2960 437 3024 imbui
460 2959 591 3040 possint,
616 2957 818 3023 nihilominus
837 2976 912 3023 vero
935 2976 1029 3022 nemo
1051 2959 1173 3024 nesciat
1196 2978 1311 3041 puero·

133 3050 216 3111 rum
238 3045 468 3113 confessionem
491 3065 510 3110 a
533 3045 699 3129 permultis
729 3046 875 3128 parochis
898 3045 992 3110 valde
1015 3045 1141 3128 negligi,
1175 3064 1311 3112 commo-

135 3138 281 3201 neantur
309 3141 342 3200 et
361 3135 535 3217 jubeantur
561 3151 668 3199 omnes
702 3134 885 3199 sacerdotes
916 3152 1024 3199 curam
1054 3134 1232 3199 animarum
1255 3135 1312 3200 ha·

136 3209 265 3304 bentes,
298 3227 335 3287 ut
362 3222 519 3304 parvulos,
555 3222 664 3286 statim
697 3239 734 3286 ac
765 3222 897 3309 rationis
929 3225 1066 3286 aetatem
1096 3221 1204 3303 adepti
1227 3229 1311 3303 sunt,

141 3309 333 3377 confitentes
356 3310 467 3375 audire
489 3309 650 3390 incipiant,
674 3308 857 3391 frequenter
879 3327 934 3375 eos
958 3309 999 3374 ad
1022 3327 1148 3374 sacrum
1171 3309 1312 3374 tribunal

142 3405 324 3478 accersam,
360 3404 394 3462 et
426 3402 554 3463 teneras
588 3397 728 3478 ipsorum
763 3400 898 3477 animas,
929 3394 1048 3461 Christi
1080 3397 1232 3480 sanguine
1261 3417 1312 3462 re·

145 3481 300 3571 demptas,
335 3505 354 3551 a
376 3487 516 3570 peccatis
539 3484 717 3563 absolvere,
751 3490 783 3549 et
806 3485 848 3549 ad
870 3485 1020 3567 pietatem
1043 3485 1241 3565 virtutesque
1264 3485 1311 3548 in·

147 3565 293 3655 formare,
318 3575 403 3640 omni
426 3592 487 3654 quo
510 3577 660 3654 poterunt
682 3571 760 3652 zelo,
786 3573 944 3638 studeant.

145 3791 195 3870 De
219 3803 431 3870 Cutecbismis
456 3802 584 3882 primae
618 3801 832 3865 communioni
848 3802 1009 3881 praee-iis,
1046 3807 1074 3865 et
1102 3801 1141 3864 de
1156 3802 1312 3882 juvenum

603 3906 859 3985 perseverantia.

252 4047 470 4114 Saluberrima
492 4047 598 4128 praxis
621 4063 736 4126 pueros
759 4044 801 4110 ad
822 4045 956 4127 primam
980 4044 1240 4126 communionem,
1256 4062 1313 4127 per

135 4134 402 4220 &liquotannos
425 4133 626 4200 catechismis
657 4133 800 4215 pubhms,
836 4138 869 4197 et
894 4130 1161 4215 frequentioribus
1195 4131 1313 4197 confes·

127 4223 287 4293 sionibus
320 4223 539 4305 praeparandi,
569 4221 745 4286 uberrimos
774 4219 905 4300 fructus,
939 4221 1127 4300 ubicumque
1159 4219 1214 4284 ille
1244 4238 1314 4286 mos

133 4317 297 4396 l‘eceptus
320 4318 380 4389 est,
398 4310 556 4393 produxit.
591 4308 692 4374 Valde
715 4310 812 4391 igitur
831 4307 972 4390 optabile
994 4306 1165 4388 videretur,
1190 4326 1210 4372 a
1233 4306 1314 4377 Con·

199 4432 322 4484 Martio,
339 4431 493 4474 Documenta.
1089 4468 1097 4491 a
1171 4413 1205 4466 10
