2872 4874
384 1122 628 1207 suerro
657 1123 820 1194 esrum

152 1287 510 1390 SCHEMAEA
547 1287 1133 1407 cousumuulouuls

259 1483 375 1564 ouis
398 1483 640 1551 essmsssr
667 1485 724 1549 ιιι
748 1482 1031 1550 miserrumam.

528 1799 558 1881 1.
586 1797 773 1881 Sdlllllll

409 1974 482 2040 nu
527 1972 881 2042 EPISCOPIS.

554 2167 690 2234 CAPUT
712 2168 737 2232 1.

427 2307 477 2373 De
500 2308 605 2388 officio
628 2307 871 2388 Episcoporccm.

167 2445 323 2524 Quoniam
347 2456 467 2528 quanta
489 2455 539 2512 est
554 2448 812 2529 Praepositorum
829 2448 979 2530 dignitas,
1003 2453 1127 2512 tantum
1149 2446 1227 2528 ipsis

78 2530 220 2599 incumbit
236 2532 409 2600 officiorum
424 2554 513 2614 onus,
537 2537 620 2600 serio
643 2536 845 2601 considerent
867 2537 922 2618 qui
936 2555 955 2600 a
971 2534 1090 2618 Spiritu
1113 2533 1229 2600 Sancto

79 2621 161 2698 positi
190 2628 265 2687 sunt
295 2621 446 2705 Episcopi
468 2642 580 2706 regere
608 2623 784 2689 Ecclesiam
813 2624 880 2701 Dei
904 2642 983 2705 quas
1015 2641 1162 2689 curarum
1195 2628 1228 2689 et

79 2706 271 2775 solicitudinis
286 2717 395 2792 partes
418 2710 513 2793 hujus
535 2711 620 2792 quod
635 2719 751 2793 gerunt
766 2676 957 2777 formidandi
972 2712 1111 2776 muneris
1126 2710 1228 2777 honor

79 2792 216 2943 imponat.
247 2796 426 2880 Episcopus
457 2799 540 2863 enim
570 2800 742 2864 concrediti
769 2799 829 2864 sibi
852 2800 959 2881 gregis
981 2798 1153 2863 utilitatem
1182 2799 1228 2863 sic

80 2885 150 2948 tueri
170 2884 274 2964 debet,
298 2895 335 2951 ut
350 2905 566 2968 quaecumque
589 2887 657 2966 agit
643 2887 712 2951 tad
728 2904 800 2949 eam
822 2887 950 2965 referat,
973 2894 1107 2967 paratus
1131 2887 1228 2951 etiam

79 2971 201 3037 curnam
222 2991 313 3038 suam
335 2993 452 3056 ponere
482 2993 540 3056 pro
570 2975 681 3040 ovibus
713 2975 787 3053 suis,
820 2980 853 3038 et
884 2973 930 3039 sic
953 2974 1058 3038 omnia
1080 2992 1150 3039 cum
1173 2974 1228 3038 illo

81 3061 240 3125 communia
272 3063 501 3144 conjunctaque
531 3062 662 3140 habere,
698 3070 734 3127 ut
760 3062 860 3161 ipsius
887 3061 1022 3126 salutem
1052 3060 1141 3127 lucro
1168 3062 1228 3127 sibi

79 3155 211 3230 apponat,
244 3167 398 3231 suamque
432 3150 591 3215 existimet
616 3151 777 3231 jacturam
807 3148 937 3230 siquid
967 3148 1092 3214 adversi
1123 3150 1228 3215 eidem

75 3237 197 3314 eveniat,
219 3236 276 3302 illa
298 3237 443 3318 Apostoli
466 3236 613 3302 Gentium
646 3238 753 3303 dicens
784 3235 879 3315 „Quis
906 3235 1084 3300 infirmatur
1113 3244 1145 3300 et
1168 3255 1227 3318 ego

57 3338 129 3387 ‚uon
149 3322 313 3391 infimor?
341 3325 412 3406 quis
435 3325 668 3391 scandalizatur
690 3333 724 3390 et
747 3343 805 3405 ego
828 3343 892 3390 non
915 3327 1030 3390 uror‘l“
1042 3326 1066 3407 ¹)
1111 3322 1228 3401 Quam·

71 3410 174 3477 obrem
204 3431 313 3478 omnes
342 3412 516 3514 Episcopos
551 3421 583 3477 et
612 3412 755 3478 locorum
785 3411 989 3490 Ordinari0s=
1020 3412 1104 3477 sacri
1132 3410 1228 3495 hujus

69 3499 296 3580 approbatione
311 3498 452 3578 Consilii,
477 3503 509 3565 in
525 3501 659 3566 Domino
682 3517 846 3566 monemus
869 3519 906 3565 ac
929 3499 1133 3564 vehementer
1155 3499 1228 3565 hor·

65 3593 179 3667 tamur,
211 3594 248 3652 ut
278 3587 419 3652 divinum
443 3589 483 3654 de
513 3607 547 3653 se
574 3587 725 3679 judicium
755 3593 980 3671 agnoscentes
1012 3592 1044 3652 et
1072 3604 1227 3651 memores

60 3675 269 3757 gravissimae
291 3694 354 3756 qua
376 3683 526 3740 tenentur
549 3666 749 3757 obligationis
778 3674 920 3756 vigilent
957 3675 990 3738 in
1013 3675 1156 3739 omnibus
1179 3674 1226 3738 la-

61 3764 194 3842 borent,
222 3782 260 3828 ac
293 3763 501 3828 ministerium
533 3782 625 3829 suum
657 3764 819 3845 impleant.
826 3766 852 3846 2)
898 3762 1089 3842 Praeprimis
1120 3770 1227 3826 autem

58 3851 192 3916 videant
223 3869 263 3916 ne
298 3858 348 3915 tot
374 3869 518 3917 errorum
548 3852 685 3933 undique
717 3850 786 3931 jam
813 3849 976 3916 exundans
1001 3848 1228 3925 colluvies‚et

56 3940 213 4004 vitiorum
244 3957 326 4020 quae
359 3958 443 4004 nunc
479 3940 608 4021 impune
647 3940 829 4003 dominatur
858 3937 988 4003 licentia
1018 3936 1224 4002 christianam

52 4045 157 4109 quam
179 4034 296 4109 regunt
315 4026 437 4107 plebem
458 4028 491 4091 in
514 4045 647 4108 pravum
663 4045 791 4090 sensum
814 4025 953 4091 adducat
976 4031 1008 4087 et
1032 4031 1224 4104 corrumpat,

174 4240 192 4292 ¹l
212 4236 248 4292 ll.
268 4235 393 4290 Corinth.
412 4235 459 4291 XI.
478 4238 520 4290 29.

172 4305 194 4375 ²)
214 4306 296 4360 Cone.
315 4304 390 4360 Trid.
410 4321 480 4363 sess.
500 4306 546 4363 Vl.
566 4321 624 4373 cap.
647 4309 670 4362 1.
689 4305 722 4359 de
741 4304 861 4358 Reform.
