2872 4874
139 326 202 384 166
572 311 574 316 ’
646 340 814 387 rosnarum
905 375 908 381 .

137 479 331 557 dioecesibus
354 477 595 558 proficiscuntur
618 480 817 555 missionarii‚
841 486 873 544 et
896 479 1011 559 ubique
1034 479 1121 560 viget
1143 479 1198 543 illa
1219 498 1283 543 nun·

137 563 232 646 quam'
254 567 331 631 satis
353 566 514 631 laudanda
538 574 634 647 atque
659 567 822 631 dilatanda
845 566 995 631 sodalitas
1012 565 1211 649 Propopotto
1223 567 1284 646 fidei

135 660 374 735 nuncupata-
391 655 563 736 optandum
587 656 749 720 videretur
772 668 808 719 ut
831 655 1000 735 quotannis
1024 655 1065 718 ad
1088 673 1196 719 omnes
1218 657 1282 734 cpis-

136 760 231 822 copos
255 742 445 824 dirigeretur
466 743 591 806 libellus
615 744 752 823 quidam,
776 743 900 824 publica
914 742 1144 823 Propagaudae
1166 743 1285 806 auctori·

135 831 381 908 roccolenum,
418 832 471 911 qui
504 848 558 894 eos
588 831 626 894 de
656 850 730 895 vero
756 831 938 896 missionum
962 830 1189 895 catholicorum
1212 836 1283 894 statu

136 919 293 985 edoceret.
346 918 398 982 Sic
433 918 517 981 enim
552 924 585 982 et
621 919 812 983 sanctissimi
843 919 937 1000 hujus
973 919 1078 999 operis
1113 935 1285 999 progressus

48 1024 50 1032 ’
135 1006 247 1071 melius
278 1007 317 1070 ab
341 1005 507 1086 Episcopis
536 1011 756 1084 noscerentur,
792 1012 823 1070 et
852 1008 994 1087 ipsorum
1024 1006 1110 1070 zelus
1139 1006 1181 1070 ad
1208 1003 1281 1068 effor-

135 1094 267 1158 mandos
290 1098 322 1156 ct
346 1093 541 1174 adjuvandos
564 1095 777 1158 missionarios
800 1094 1018 1158 vehementius
1043 1094 1261 1158 accenderetur.

241 1181 438 1260 Ubicumque
467 1181 594 1246 condita
618 1188 714 1262 atque
752 1182 896 1246 stabilita
920 1183 987 1265 jam
1022 1183 1109 1262 viget
1143 1180 1280 1260 catholica

135 1269 325 1347 hierarchia,
350 1289 376 1330 v.
396 1288 425 1349 g.
443 1270 473 1332 in
490 1269 614 1350 Augila,
639 1271 671 1333 iu
686 1271 840 1347 America,
865 1270 896 1333 in
914 1268 1093 1349 Hollandia,
1117 1267 1277 1332 nullomodo

136 1357 348 1421 necessarium
372 1356 534 1421 videretur
557 1376 665 1421 earum
689 1359 852 1437 regionum
880 1357 1028 1421 ecclesias
1053 1353 1280 1438 congregationi

135 1443 363 1525 Propagandae
386 1445 505 1527 subjici,
531 1445 587 1508 sed
610 1464 712 1509 nonne
736 1446 842 1525 potius
866 1455 950 1509 essct
972 1464 1026 1508 eas
1050 1446 1092 1508 ad
1112 1445 1190 1526 juris
1212 1461 1279 1507 cou-

136 1532 239 1596 munis
261 1532 403 1612 regimen
426 1533 589 1596 rovocari?

241 1619 330 1684 Haec
352 1625 460 1684 tamen
483 1621 597 1683 iterum
621 1626 695 1684 rota
719 1621 792 1683 dum
809 1626 992 1684 reverenter
1008 1622 1223 1701 proponimus,
1248 1634 1281 1681 ea

136 1705 314 1787 plenissime
337 1706 368 1771 S.
393 1706 553 1772 Pontificis
572 1709 690 1789 judicio
715 1715 747 1772 et
770 1708 917 1786 arbitrio,
948 1727 968 1771 a
990 1727 1052 1788 quo
1082 1714 1149 1772 tota
1171 1725 1216 1772 res
1234 1703 1282 1769 illa

135 1795 259 1875 pendet,
283 1796 426 1876 subjecta
449 1796 602 1861 volumus.

482 2004 533 2069 De
557 2005 746 2070 reducendis
768 2005 946 2070 dometicis.

238 2146 399 2210 Haeretici
422 2145 550 2226 quidem
573 2147 603 2209 in
627 2146 695 2226 ipso
721 2144 852 2209 Concilii
882 2146 952 2208 sinu
981 2143 1106 2207 admitti
1130 2144 1282 2226 nequeunt.

132 2251 170 2296 eo
193 2231 255 2298 fine
279 2241 315 2298 ut
345 2252 416 2298 curn
446 2232 507 2297 illis
543 2233 735 2298 deliberetur
766 2234 851 2296 circa
879 2233 1029 2311 dogmata
1057 2233 1124 2312 jam
1155 2231 1282 2302 definita

133 2322 217 2400 quod
240 2325 323 2385 enim
346 2320 444 2384 semel
466 2321 499 2383 in
524 2320 665 2384 Ecclesia
688 2320 853 2385 definitum
884 2325 949 2399 est,
985 2319 1078 2383 fixum
1110 2326 1232 2397 manet,
1258 2322 1287 2381 et

133 2411 303 2474 retractari
326 2409 444 2488 nequit.
491 2407 556 2471 Nec
579 2410 674 2471 ctiam
697 2409 822 2472 admitti
844 2415 974 2488 possent
995 2414 1150 2487 tanquam
1168 2403 1290 2472 Concilii

135 2515 227 2578 para,
264 2502 296 2560 et
319 2502 356 2560 ut
378 2513 487 2558 vocem
514 2495 667 2560 habereut
689 2497 721 2559 in
755 2496 908 2576 hisquae
939 2495 1151 2560 conciliariter
1181 2495 1290 2560 delibo·

134 2584 235 2648 randa
250 2589 343 2647 erunt
359 2590 390 2645 ct
406 2582 591 2661 statuenda3
616 2584 703 2663 prius
727 2585 809 2647 enim
833 2592 883 2647 est
905 2584 1081 2647 membrum
1105 2601 1174 2647 esse
1191 2581 1290 2647 Eccle-

136 2672 210 2749 siae,
235 2688 330 2750 quam
354 2688 423 2735 csse
447 2671 621 2734 membrum
645 2669 786 2736 Concilii.

241 2757 304 2822 Sed
327 2777 430 2822 noune
454 2759 588 2840 benigue
612 2767 644 2822 et
672 2760 837 2823 caritative
868 2759 1024 2822 invitandi
1050 2764 1157 2823 esseut
1180 2764 1223 2836 ut,
1248 2775 1290 2822 oc·

135 2846 261 2924 oasioue
285 2844 429 2926 concilii,
464 2847 595 2912 Romam
621 2849 781 2921 venirent,
818 2847 884 2924 ubi,
924 2865 995 2910 cum
1026 2864 1149 2910 summa
1178 2842 1291 2927 recepti

134 2933 362 3013 benevolentia,
386 2935 533 3015 privatim
557 2935 700 2999 conferre
722 2940 852 3016 possent
868 2953 939 2998 cum
956 2935 1057 2998 doctis
1072 2935 1197 3015 piisque
1212 2933 1290 3010 viris

134 3021 231 3086 adid
255 3022 425 3103 deputatis,
448 3024 502 3102 qui
524 3024 663 3103 ipsorum
687 3020 889 3086 difficultates
912 3021 1060 3086 audirent
1080 3026 1111 3084 et
1127 3022 1290 3102 explanare

134 3110 327 3190 niterentur3
352 3110 515 3190 simulque,
541 3111 727 3175 consociatis
752 3108 904 3186 consiliis
928 3114 1122 3173 tractaretur
1143 3128 1214 3173 cum
1237 3109 1290 3173 illis

136 3198 175 3261 de
199 3199 371 3281 aptissimis
399 3199 511 3261 mediis
541 3199 721 3262 removendi
752 3197 960 3276 separationis
992 3201 1195 3276 praetextus,
1227 3215 1290 3280 pro·

135 3285 355 3366 curandaeque
378 3286 509 3364 unionis,
534 3293 570 3349 ut
585 3303 664 3366 quae
680 3286 721 3348 ad
737 3285 821 3348 bunc
836 3283 931 3347 finam
947 3285 1152 3348 obtinendum
1169 3285 1290 3349 meliora

134 3373 203 3436 visa
223 3371 366 3450 fuissent,
390 3373 431 3435 ad
455 3372 626 3437 Concilium
649 3373 864 3437 referrentur?

241 3460 301 3523 Hic
324 3461 437 3541 agendi
460 3461 579 3536 modus
604 3481 675 3525 cum
698 3479 753 3541 spe
776 3458 882 3538 aliqua
897 3457 997 3523 felicis
1020 3460 1131 3537 exitus
1155 3459 1290 3524 adbiber

134 3565 227 3627 posse
251 3548 425 3627 videretur,
460 3549 493 3611 ni
516 3547 675 3629 fallamur,
711 3566 787 3627 erga
810 3546 867 3610 hos
891 3548 1080 3626 praesertim
1104 3547 1290 3628 anglicanos

135 3636 188 3714 qui
210 3634 304 3700 fidem
327 3637 471 3715 ritusque
486 3635 648 3700 Ecclesiae
664 3635 837 3700 catholicae
853 3634 1025 3714 proximius
1041 3635 1109 3716 jarn
1126 3640 1290 3721 sectantur

134 3729 168 3786 et
191 3725 337 3788 unionem
362 3741 477 3804 cupere
499 3728 687 3804 noscuntur3
723 3741 759 3786 eo
783 3722 883 3802 magis
908 3721 1006 3801 quod,
1030 3723 1064 3786 in
1086 3721 1147 3786 bac
1170 3742 1290 3788 conver

135 3812 232 3875 sionis
255 3830 364 3875 eorum
388 3812 595 3888 inchoatione,
619 3813 646 3874 si
668 3812 722 3891 qui
738 3810 858 3873 suntin
875 3809 937 3872 illis
954 3811 1157 3891 antesignani
1173 3811 1290 3877 suadet

134 3904 168 3962 ct
190 3899 300 3963 reduci
322 3905 461 3981 possent,
484 3917 547 3962 non
560 3901 627 3979 jam
642 3916 816 3978 paucorum
831 3897 1001 3976 hominum,
1027 3897 1082 3960 sed
1113 3898 1290 3963 innumera«

135 3987 230 4050 simul
252 3986 472 4068 multitudinis,
496 3986 618 4050 lucrum
642 3983 742 4049 fieret.

225 4073 398 4158 ‘Maximae
422 4076 517 4138 etiam
540 4073 688 4137 utilitatis
711 4078 804 4150 esset,
830 4073 856 4135 si
878 4068 1152 4152 Concilium-pro
1177 4091 1290 4137 summa

134 4160 207 4238 illa,
239 4181 303 4243 qua
326 4163 505 4227 donatura
534 4160 655 4242 Spiritu
688 4160 832 4224 veritatis
865 4165 898 4222 et
927 4160 1082 4239 caritatis,
1116 4160 1290 4239 prudentia

135 4249 312 4315 delinearet
335 4250 472 4330 aliquam
495 4248 700 4313 directionem
724 4248 765 4312 ad
792 4264 884 4309 usum
913 4245 1155 4326 catholicorum,
1190 4249 1290 4312 tum<

131 4336 229 4418 clero,
253 4343 322 4402 turn
337 4356 354 4402 e
369 4337 469 4416 laicis,
486 4338 549 4417 qui,
572 4337 603 4400 in
620 4334 865 4416 protestantium
886 4333 1078 4414 regionibus,
1103 4336 1286 4401 conversios
