2872 4874
218 331 258 393 92
723 341 892 389 rossanam

217 486 317 552 solum
340 487 372 550 in
395 483 623 567 ludimagistro,
657 483 883 547 verumetiam
916 482 1059 547 inlibris
1084 481 1313 561 elementariis,
1342 481 1384 546 iu

217 574 372 656 spirituali
394 591 481 650 aura,
504 591 586 654 quae
609 573 642 635 in
659 572 696 635 iis
712 573 808 653 viget,
831 573 864 634 in
888 571 1039 636 doctrinis
1054 570 1275 651 alloquiisque,
1300 587 1383 651 quaa

217 663 368 742 feruntur,
392 661 517 724 nonnisi
539 659 740 740 negationem
763 665 796 725 et
822 659 927 723 odium
951 661 983 724 in
1006 658 1192 741 religionem
1217 663 1249 724 et
1272 656 1386 723 Eccle-

217 751 295 815 siam
320 747 515 813 Catholicam
537 747 704 811 redoleant
726 765 853 812 necesse
876 754 934 812 est.

324 842 353 903 2.
390 835 482 913 Quod
504 854 580 899 vero
611 836 803 900 dictumest
832 835 871 898 de
894 834 1008 898 scholis
1038 835 1144 900 mixtis
1166 833 1384 913 inferioribus,

216 927 249 989 id
274 927 312 989 de
336 923 450 988 scholis
484 924 596 986 mixtis
624 923 740 986 mediis
772 923 838 986 sice
870 922 1031 1000 civilibus,
1066 922 1114 986 uti
1142 927 1381 1004 nuncupantur,

216 1013 330 1094 majori
352 1010 454 1075 adhuc
477 1011 602 1074 ratione
616 1010 710 1086 valet,
734 1010 894 1090 inquibus
916 1011 1008 1091 pueri
1022 1010 1229 1089 provectioris
1253 1010 1381 1089 aetatis,

217 1103 250 1166 in
275 1097 462 1180 disciplinis,
498 1116 580 1179 quae
612 1097 652 1162 ad
680 1104 798 1163 statum
831 1097 955 1162 civilem
985 1103 1148 1179 spectant,
1180 1097 1383 1162 erudiuntur.

216 1189 303 1253 ldem
327 1187 421 1250 iniis
452 1205 510 1267 pro
531 1188 698 1268 juventute
728 1186 938 1267 perversionis
960 1185 1151 1267 periculum,
1184 1184 1270 1248 idem
1304 1185 1383 1250 ordo

217 1275 388 1341 dissolutus
423 1281 456 1337 et
490 1276 615 1355 genium
652 1272 836 1355 plerumque
867 1275 1005 1354 impium.
1063 1272 1201 1336 Termini
1237 1270 1381 1353 finesque

216 1363 357 1428 locorum
387 1367 421 1426 et
456 1364 714 1426 communitatum
748 1362 935 1444 jamdudum
970 1361 1088 1426 sublati
1122 1360 1225 1437 fuere,
1265 1361 1379 1441 quibus

217 1449 373 1516 Catholici
406 1451 563 1529 qnondam
596 1468 616 1514 a
649 1449 904 1514 Protestantibus
934 1449 1068 1531 sejuncti
1102 1449 1275 1530 degebant:
1308 1466 1379 1512 narn

217 1538 301 1619 apud
323 1555 380 1601 nos
414 1539 481 1600 iere
510 1538 542 1601 in
567 1538 711 1603 omnibus
739 1538 935 1616 civitatibus,
968 1537 1105 1618 oppidis,
1138 1537 1213 1601 vicis
1237 1549 1271 1600 et
1296 1554 1380 1602 com-

217 1624 427 1690 munitatibus
457 1622 612 1690 Catholici
641 1626 737 1689 amicti
759 1644 831 1690 cum
859 1624 1056 1690 Accthoiim's
1085 1624 1264 1688 omnimodo
1281 1643 1390 1691 ·com·.

217 1719 382 1778 morantur
405 1718 438 1777 et
464 1713 668 1792 quotidianae
696 1715 779 1778 vitae
803 1715 990 1779 commercio
1020 1717 1052 1775 et
1074 1713 1312 1778 conversatione
1334 1714 1382 1776 in·

217 1803 319 1866 vicem
342 1800 521 1867 cohaerent,
571 1801 663 1865 Unde
695 1802 879 1882 saepissime
904 1799 961 1864 fiat
984 1805 1124 1882 oportet,
1155 1805 1192 1863 ut
1215 1806 1380 1865 crescente

218 1890 249 1953 in
274 1888 341 1953 dies
364 1907 473 1952 eornm
501 1907 633 1954 nurnero
657 1888 835 1954 Acctbolc’ci
859 1889 1173 1954 communicationem
1200 1888 1239 1952 im
1261 1887 1380 1953 scholis

219 1996 288 2042 cum
313 1974 483 2040 Catholicis
511 1977 739 2057 impensissime
772 1986 940 2057 quaerant,
977 1982 1008 2040 et
1039 1973 1193 2041 Catholici
1221 1976 1308 2040 cives
1332 1975 1383 2040 vel

217 2063 329 2129 fraude
351 2064 602 2128 Protestantium
622 2064 673 2128 vel
696 2066 827 2146 propria
849 2066 944 2129 animi
966 2064 1098 2129 levitate
1122 2068 1155 2128 et
1177 2065 1286 2144 pravis
1310 2065 1384 2128 doc·

217 2154 309 2217 trinis
337 2153 500 2217 obcoecati
530 2170 757 2232 saepenumero
783 2159 916 2232 poctrcm
948 2171 1019 2217 cum
1052 2151 1241 2216 Acathohcis
1272 2154 1389 2217 ineant-

220 2240 258 2304 de
295 2240 519 2304 commutanda
548 2236 656 2304 schola
689 2240 850 2320 hucusque
885 2259 963 2323 pure
991 2239 1147 2305 catholiea
1176 2241 1210 2303 in
1240 2239 1385 2305 scholam

218 2329 346 2391 mixtam
370 2345 451 2407 quae
473 2327 672 2406 postmodum
697 2329 794 2391 etiam
818 2328 1071 2393 Acatholicorum
1094 2328 1201 2409 pueris
1223 2328 1387 2393 instruen-

219 2415 266 2480 dis
288 2415 421 2478 inservit
449 2420 481 2478 et
504 2415 598 2495 plane
624 2433 727 2495 neque
750 2415 905 2480 catholica
937 2433 1039 2496 neque
1066 2417 1166 2479 mixta
1188 2415 1245 2479 sed
1275 2427 1388 2496 prote-

218 2503 358 2568 stantica
380 2508 430 2564 est
444 2501 495 2565 vel
517 2503 622 2582 potius
639 2503 739 2566 omnis
756 2503 917 2584 religionis
939 2505 1093 2584 positivae
1110 2521 1241 2586 prorsus
1257 2522 1388 2587 expers.

218 2591 313 2654 Brevi
336 2606 470 2669 namque
493 2589 566 2653 talis
583 2589 692 2655 schola
714 2592 747 2654 in
770 2592 898 2655 mixtam
915 2597 1110 2657 commutata
1131 2593 1164 2654 in
1187 2597 1387 2672 potestatem

217 2676 459 2766 moderatricem
482 2677 685 2743 Acatholicae
700 2680 802 2759 partis
825 2680 950 2757 transit,
967 2679 1055 2743 velut
1070 2679 1173 2744 tristis
1189 2681 1390 2760 experientia

159 2788 160 2791 ¹
218 2765 318 2830 docet.
371 2763 465 2828 Unde
501 2763 545 2846 fit,
568 2777 605 2829 ut
632 2767 716 2847 quod
739 2768 877 2848 majores
907 2766 1050 2832 cathohm
1073 2785 1130 2847 pro
1160 2767 1281 2831 tuenda
1310 2769 1389 2832 edu·

218 2854 339 2917 catione
363 2849 524 2917 Catholica
540 2853 788 2919 adolescentium
810 2856 862 2935 pie
878 2854 1102 2932 fundaverunt,
1125 2852 1181 2917 filii
1203 2854 1386 2935 degeneres

218 2940 361 3006 hostibus
384 2939 555 3021 Rehgionis
586 2943 713 3006 tradere
736 2960 798 3007 non
822 2943 1025 3021 erubescant,
1056 2943 1109 3022 qui
1133 2943 1172 3006 de
1205 2959 1265 3006 sua
1288 2949 1389 3027 parte

218 3045 285 3094 rem
319 3026 452 3108 perfidia
485 3029 637 3093 traditam
671 3030 702 3093 in
738 3032 970 3112 corruptionem
994 3029 1177 3095 Catholicae
1202 3029 1388 3109 J'uventutis

217 3122 414 3197 pervertunt.

324 3207 353 3268 3.
389 3202 522 3268 Scholae
552 3202 732 3270 Catholicae
762 3207 858 3270 etiam
880 3206 1062 3286 rememores
1091 3206 1156 3269 sive
1183 3204 1327 3290 Collepic
1353 3216 1391 3274 et

220 3289 402 3373 Gpmmcsic
424 3291 458 3354 in
482 3289 655 3372 Gymnasia
677 3293 777 3358 mixta
804 3295 919 3375 iniquis
942 3293 1065 3375 legibus
1096 3292 1148 3357 vel
1169 3295 1271 3374 pactis
1297 3314 1390 3360 com·

218 3382 392 3441 mutantur.
437 3377 481 3442 Et
503 3380 719 3444 tristissimum
751 3381 906 3463 ejusmodi
929 3381 1182 3445 corrrmutationis
1205 3384 1389 3464 exemplum

218 3484 256 3530 ex
278 3482 350 3529 mea
385 3465 501 3530 diocesi
533 3465 564 3532 S.
590 3465 730 3532 Gallensi
759 3486 893 3550 expono,
926 3486 988 3549 quo
1011 3486 1075 3533 imo
1099 3476 1205 3533 cetera
1235 3472 1387 3554 exempla

219 3553 323 3617 omnia
356 3553 496 3631 dignosci
530 3561 689 3634 poterunt.
744 3555 876 3621 Exstitit
909 3574 967 3637 pro
1001 3554 1172 3620 Catholicis
1203 3554 1316 3623 incolis
1354 3561 1389 3625 in

218 3640 248 3704 S.
274 3640 365 3704 Gallo
387 3640 453 3719 jam
477 3641 585 3707 decem
601 3643 715 3708 abhinc
739 3651 812 3708 ante
836 3662 935 3709 annos
953 3644 1129 3726 Collegium
1152 3646 1219 3709 sive
1242 3647 1389 3726 Lyceum

219 3727 404 3793 Catholicae
427 3727 622 3795 fundationis
651 3731 728 3795 satis
752 3731 959 3816 splendidum.
1011 3731 1193 3797 Cathohme
1215 3732 1390 3814 Religioni,

219 3816 358 3882 scientiis
373 3815 420 3879 ‘et
442 3817 563 3881 artibus
597 3818 738 3883 dicatum
761 3825 795 3885 et
821 3839 841 3884 a
864 3821 1015 3884 trecentis
1045 3819 1179 3899 amplius
1201 3820 1393 3887 adolescen·

219 3905 304 3970 tibus
328 3901 499 3968 Catholicis
521 3903 767 3985 frequentatum.
808 3909 892 3988 Opes
916 3913 949 3972 et
966 3907 1079 3973 fundos
1101 3906 1234 3990 hujusce
1249 3906 1390 3990 Collegii

219 3991 376 4074 qnondam
399 3992 626 4073 suppeditabat
655 3994 811 4059 ditissima
834 3995 1015 4060 haereditas
1038 3997 1222 4060 monasterii
1245 4015 1271 4062 s.
1297 3996 1387 4063 Galli

218 4078 334 4168 injuria
355 4081 507 4160 temporis
528 4098 610 4145 anno
637 4085 719 4145 1805
744 4083 880 4148 extincti.
919 4082 1090 4164 Postquam
1113 4083 1247 4165 populus
1264 4081 1390 4151 Catho-

219 4167 298 4232 licus
312 4183 378 4232 una
393 4184 463 4232 cum
477 4167 679 4233 celeberrimo
692 4169 751 4234 hoc
766 4172 958 4235 monasterio
970 4171 1108 4235 scholam
1122 4172 1224 4236 eidem
1237 4171 1388 4251 junctam

219 4255 378 4334 amiserat,
410 4256 441 4318 in
465 4256 533 4337 ejus
564 4254 669 4320 locum
692 4274 748 4337 pro
782 4255 951 4323 Catholicis
974 4260 1007 4322 in
1039 4259 1171 4323 aedibus
1194 4259 1385 4340 amplissimi

220 4341 370 4408 Cneuobii
392 4361 507 4407 novum
541 4345 726 4409 subvectum
757 4343 816 4409 fuit
846 4343 1030 4427 Collegium,
1046 4345 1250 4428 'magnisque
1275 4346 1387 4414 fundis
