2872 4874
743 336 909 383 Possumus

424 477 474 542 De
498 497 654 542 concursu
677 476 721 540 od
744 477 963 542 Purochorum
992 477 1183 541 electionem.

329 599 524 665 Concursum
541 599 583 664 ad
594 599 809 664 Parachorum
826 599 1011 664 electionem
1031 600 1065 663 in
1079 599 1189 665 multis
1205 600 1389 682 regionibus

218 689 417 755 obsolevisse
442 706 532 752 nemo
557 689 606 751 est
620 688 674 768 qui
688 689 820 751 nesciat.
858 687 927 752 Hoc
942 705 1016 751 vero
1040 706 1078 752 ex
1101 687 1207 752 multis
1230 688 1389 770 variisque

223 777 329 842 causis
352 777 466 855 evenit,
491 774 547 839 sed
571 773 641 840 ideo
664 773 772 839 forsan
788 775 957 857 praecipue
973 775 1047 856 quia
1063 775 1130 841 sola
1145 773 1210 840 fere
1225 777 1258 840 in
1275 775 1388 857 eligen-

217 862 272 928 dis
297 864 523 929 attendebatur
538 863 678 942 scientia,
703 863 840 945 ipsomet
856 862 1053 945 probationis
1069 863 1155 927 exitu
1172 863 1385 946 comprobata,

224 970 287 1017 non
311 958 419 1016 autem
442 950 520 1014 satis
552 951 784 1051 respiciebatur
806 951 848 1014 ad
870 951 1033 1032 pietatem,
1059 950 1100 1014 ad
1123 955 1251 1015 sanctos
1277 969 1385 1027 mores,

217 1039 318 1105 etad
341 1038 531 1138 parochialis
554 1038 718 1118 regiminis
745 1039 905 1119 peritiam;
938 1039 1022 1102 unde
1045 1056 1142 1138 saepe
1165 1034 1263 1104 fiebat
1291 1044 1328 1103 ιιι
1349 1040 1394 1105 od

221 1127 381 1210 regendas
404 1127 541 1208 majores
564 1125 732 1206 parochias
753 1130 1031 1221 promoverentur
1066 1127 1121 1206 qui
1149 1145 1189 1191 ne
1212 1127 1300 1209 digni
1323 1127 1396 1208 qui-

219 1215 296 1279 dem
318 1213 453 1278 fuissent
476 1213 648 1277 minoribus
674 1212 813 1294 praefici.

329 1301 550 1401 Quamobrem
574 1301 629 1365 ubi
652 1318 824 1367 concursus
846 1300 880 1365 in
902 1319 962 1365 usu
984 1301 1082 1366 habet
1068 1305 1130 1380 tur,
1154 1321 1286 1368 necesse
1308 1301 1425 1374 foreta

223 1409 291 1454 rem
314 1390 360 1453 ιιι
383 1389 540 1470 componi,
564 1395 601 1453 ut
587 1389 678 1453 ιιιι
656 1391 779 1454 tissima
800 1388 1032 1470 relinqueretur
1060 1390 1216 1470 episcopis
1246 1389 1428 1476 libertas,

217 1477 369 1542 omnibus
392 1478 566 1558 perspectis
590 1482 623 1541 et
637 1477 773 1556 libratiS,
797 1495 859 1556 ece,
884 1495 943 1558 pro
960 1495 1019 1541 sua
1038 1476 1218 1558 prudentia,
1244 1477 1428 1559 eligendi

224 1565 278 1646 qui
301 1584 364 1629 non
386 1565 488 1629 solum
511 1564 609 1644 docti,
643 1565 698 1630 sed
729 1571 761 1630 ιι
784 1585 822 1629 ex
845 1565 929 1629 omni
951 1570 1041 1645 porte
1072 1565 1172 1646 magis
1197 1564 1282 1645 digni
1305 1565 1428 1637 ιιιιε

224 1659 345 1730 rentur,
369 1652 559 1734 posthabitis
584 1653 775 1718 doctioribus
799 1652 856 1716 sed
879 1653 982 1716 minus
1007 1652 1119 1732 dignis,

329 1741 366 1804 In
388 1739 466 1805 locis
490 1746 597 1804 autem
619 1741 682 1819 ubi,
707 1745 837 1822 propter
870 1739 1046 1819 peculiares
1070 1757 1200 1819 causas,
1235 1738 1286 1804 lex
1315 1757 1428 1810 com

219 1846 337 1892 cursus
359 1847 421 1891 non
445 1827 542 1892 estin
558 1846 625 1908 usu,
649 1826 895 1908 difficiliorisque
910 1829 1017 1908 praxis
1032 1826 1121 1907 foret,
1148 1846 1263 1908 scopus
1278 1827 1359 1890 nibil
1387 1854 1428 1896 <r

224 1916 327 1980 minus
358 1914 437 1996 legis
472 1915 681 1994 obtinebitur,
722 1916 749 1979 si
780 1915 812 1978 in
835 1915 1055 1995 promovendis
1088 1915 1235 1996 parochis
1274 1933 1428 1995 magn

224 2002 380 2067 habeatur
402 2004 484 2066 ratio
507 2003 667 2080 scientiae,
692 2005 781 2085 cujus
803 2003 936 2083 quisque
956 2002 1174 2083 probationem
1201 2002 1346 2067 exhibner
1379 2008 1428 2071 ’.ιι

224 2097 292 2155 tum
316 2091 347 2154 in
371 2090 555 2168 seminariis,
580 2095 648 2154 tum
671 2091 703 2154 in
726 2092 920 2156 examinibus
944 2090 1145 2169 clericorum,
1166 2090 1427 2173 juniorumq—'u

225 2179 433 2254 sacerdotum,
457 2183 526 2240 tum
548 2179 581 2240 in
604 2177 824 2242 collationibus
848 2177 1078 2257 ecclesiasticis,
1105 2186 1175 2241 tum
1198 2179 1331 2242 maxime
1410 2183 1428 2246 ιι

217 2266 403 2331 *obtinendis
436 2265 588 2346 gradibus
617 2265 806 2330 academicis
835 2265 1112 2346 baccalaureatns,
1143 2265 1333 2330 licentiatus.
1406 2275 1428 2334 ιι

226 2354 425 2418 doctoratus:
450 2353 497 2416 ιιι
519 2357 564 2430 ut,
588 2354 723 2416 caeteris
745 2353 885 2432 paribus
911 2353 961 2417 ιιι
977 2371 1040 2417 non
1055 2353 1190 2418 multum
1205 2354 1428 2435 imparib'uts,

225 2441 347 2507 ductim
369 2440 474 2503 minus
498 2439 590 2504 docto
613 2458 737 2520 semper
759 2439 1003 2521 praehebeatur.

329 2528 374 2592 Ut
396 2546 469 2593 vero
486 2528 525 2592 de
541 2527 690 2592 scientiae
705 2527 946 2609 probationibus
963 2529 1079 2593 certius
1095 2534 1265 2608 constaret,
1282 2527 1359 2593 sinn
1368 2528 1417 2592 nl-

225 2635 286 2696 qne
308 2615 409 2696 magis
431 2616 660 2679 accenderetur
683 2615 861 2680 studiorum
884 2616 1070 2696 aemulatio,
1099 2617 1199 2680 statui
1223 2618 1329 2698 posset
1383 2623 1410 2682 ιι

225 2703 306 2767 varii
337 2703 524 2767 meritorum
554 2704 673 2785 gradus
704 2705 737 2766 in
768 2704 864 2767 variis
894 2703 956 2767 illis
986 2703 1226 2784 probationibus
1259 2700 1403 2768 exhibiti

224 2809 288 2855 non
311 2790 413 2854 solum
436 2792 467 2854 in
492 2791 627 2872 regestis
651 2792 763 2871 notari,
788 2791 845 2856 sed
868 2792 963 2856 etiam
986 2791 1110 2874 vulgari
1133 2790 1295 2856 deberent.

525 2983 576 3048 De
592 2982 835 3064 praedicatiore
864 2983 951 3053 uerbi
974 2982 1088 3046 diolci.

333 3103 404 3184 Non
426 3106 536 3184 pauci,
560 3105 670 3183 hodie,
704 3105 793 3169 verbi
816 3105 913 3170 divini
935 3106 1188 3187 praedicatores,
1212 3125 1251 3170 ne
1275 3102 1385 3170 ιιιιιιιιιι

179 3253 182 3258 ,
226 3193 406 3270 dixerimus,
430 3192 463 3255 in
485 3193 609 3274 magnis
632 3194 819 3273 praesertim
843 3194 1031 3274 civitatibus,
1054 3194 1240 3274 praedicare
1255 3212 1385 3259 noscun-

225 3285 278 3344 tur
301 3280 394 3344 modo
418 3280 520 3361 magis
543 3279 770 3362 philosophico,
794 3281 960 3358 litterario,
986 3286 1018 3345 ιι
1036 3281 1182 3359 naturali,
1208 3299 1303 3360 quam
1317 3299 1391 3347 vere

226 3366 421 3444 Christian03
455 3367 540 3433 unde
562 3367 687 3432 illorum
711 3369 886 3448 conciones,
912 3368 1013 3433 solida
1037 3369 1182 3434 doctrina
1204 3388 1333 3448 vacuae,
1353 3373 1392 3434 ιι

226 3455 364 3522 motibus
397 3454 459 3519 illis
491 3474 529 3520 ac
561 3460 672 3520 sancta
703 3457 852 3521 unctione
883 3457 1070 3530 destitutae,
1108 3475 1189 3538 quae
1222 3458 1263 3522 ad
1288 3457 1385 3522 cordis

226 3543 502 3694 compunctionem
525 3544 647 3607 animas
670 3545 822 3625 excitant,
846 3543 898 3608 vel
921 3543 1024 3608 nullos
1048 3545 1191 3622 omnino,
1218 3544 1271 3608 vel
1293 3545 1385 3612 modi·

227 3633 369 3696 cissimos
393 3636 463 3695 ιιιιι
465 3649 518 3693 um
533 3629 616 3695 iruct
603 3635 654 3695 tus
670 3632 916 3733 producuntet
902 3632 1020 3696 taudit
1007 3636 1101 3711 tores,
1126 3633 1223 3696 etiam
1238 3631 1385 3716 assiduos,

225 3720 258 3784 in
282 3737 400 3800 magne
424 3723 457 3782 et
443 3718 648 3798 tlugeuda
639 3725 789 3819 ignorant
791 3721 822 3785 ιι
845 3719 1005 3802 religionis
1029 3720 1222 3820 relinquunt

334 3805 484 3871 Summi
476 3807 518 3885 ιιι
521 3813 572 3869 ιιι
595 3813 667 3888 pret
668 3808 689 3870 ιι
719 3825 787 3872 esse
811 3798 933 3872 lideret
919 3812 985 3886 tur,
1018 3808 1045 3870 si
1068 3806 1243 3872 Concilium
1266 3808 1338 3872 Vat
1316 3813 1389 3875 ιι-ιι

226 3913 315 3972 num,
352 3893 422 3958 Sec.
458 3892 590 3958 Concilii
623 3894 763 3959 Trident
740 3896 799 3959 t1ni
832 3895 972 3975 vestigiis
1003 3895 1188 3973 inhaerere,
1230 3895 1389 3961 decretum

224 3981 364 4062 speciale
389 4000 426 4045 ea
450 3981 488 4046 de
519 4001 554 4045 re
584 3982 709 4063 ederet,
742 3984 777 4047 in
809 4001 874 4083 quo
900 3982 1046 4063 explicite
1077 4000 1168 4047 veras
1193 3981 1391 4050 Christianae

226 4069 472 4150 praedicationis
495 4068 621 4149 regulas
643 4034 844 4135 traderetet
831 4070 898 4133 tin
900 4071 1036 4149 timaret,
1061 4087 1169 4134 omnes
1192 4071 1280 4137 verbi
1295 4071 1391 4136 divini

226 4157 465 4237 praedicatores
488 4156 613 4222 fortiter
633 4157 868 4236 commonendo,
891 4164 968 4238 quat
971 4175 1048 4222 enus
1065 4156 1170 4239 Script
1172 4177 1301 4222 unarum
1317 4158 1390 4223 divi·

227 4263 357 4323 narum,
393 4244 446 4310 SS.
470 4244 602 4309 Petrum
632 4251 665 4309 et
695 4263 806 4310 sacrae
832 4245 1068 4326 theologiaet
1037 4246 1143 4310 studio
1166 4241 1389 4324 incumbentes

124 4388 126 4392 .
224 4332 302 4397 inde
324 4334 522 4414 potissimum
546 4333 729 4398 concionum
751 4351 882 4398 suarum
911 4333 1074 4399 haurirent
1101 4335 1266 4413 materias,
1295 4338 1327 4397 et
1347 4333 1428 4398 itia
