2872 4874
457 310 497 357 nn
519 310 617 357 annus
640 310 829 359 noamrrcrs.
1184 300 1225 359 67

40 451 262 528 descendere,
297 450 429 515 enulla
456 451 549 531 proin
574 449 736 516 hominum
763 455 923 532 potestate
953 449 1004 514 vel
1027 452 1228 518 concessione

41 540 211 619 pendere.
236 548 335 618 atque
350 538 594 618 omnitempore
617 538 698 602 etin
720 540 927 604 atrocissimis
942 538 1104 602 Romanae
1121 539 1230 606 Eccle-

43 629 120 691 siae
140 625 368 691 afflictionibus
384 626 558 705 perdurare
580 625 745 705 illibatam,
769 631 866 709 prout
881 629 976 691 etiam
998 627 1031 690 in
1047 628 1229 693 carceribus

47 723 85 779 et
109 716 280 796 martyriis
304 714 390 778 beati
413 713 500 778 Petri
524 713 735 794 perduravit¹⁴

169 808 200 865 4.
247 800 421 866 Concilium
452 801 642 881 provinciale
667 800 840 878 Calocense,
871 818 953 865 anno
981 805 1064 865 1860
1088 801 1227 867 celebra·

52 898 136 969 tum,
177 889 257 953 hacc
279 889 406 954 statuit:
446 889 733 967 „Quemadmodum
756 889 869 953 Petrus
896 893 966 952 erat
980 941 986 954 .
1001 938 1029 954 ..
1065 888 1229 954 doctrinae

56 978 132 1041 fidei
159 977 315 1058 magister
337 975 575 1057 irrefragabilia,
599 995 657 1056 pro
681 995 742 1059 quo
765 976 833 1058 ipse
858 976 1011 1040 Dominus
1034 978 1166 1058 rogavit,
1192 986 1229 1042 ut

58 1084 122 1130 non
149 1063 300 1129 deficeret
322 1063 401 1127 fides
425 1065 493 1145 ejus
508 1113 514 1126 .
529 1114 536 1126 .
550 1083 573 1140 .;
609 1065 678 1144 pari
702 1065 795 1129 modo
818 1063 951 1145 legitimi
975 1063 1043 1144 ejus
1065 1065 1098 1127 in
1121 1065 1228 1130 cathe-

62 1154 139 1217 drae
164 1151 327 1218 Romanae
352 1151 485 1216 culmine
508 1169 705 1217 successores
720 1204 725 1216 .
740 1202 766 1218 ..
804 1151 980 1232 depositum
1010 1151 1083 1216 fidei
1107 1171 1228 1217 summo

64 1249 95 1304 et
116 1238 332 1320 irrefragabili
355 1239 482 1303 oraculo
507 1240 751 1304 custodiunt...
782 1238 875 1304 Unde
897 1240 1128 1320 propositiones
1153 1240 1229 1306 cleri

68 1327 212 1402 gallicani
235 1345 317 1390 anno
345 1331 429 1391 1682
454 1322 563 1393 editasss
595 1346 673 1408 quas
692 1328 760 1408 jam
782 1327 854 1408 piae
877 1327 1048 1391 memoriae
1071 1328 1227 1410 Georgius

69 1415 327 1496 archiepiscopus
351 1414 575 1496 Strigoniensis
599 1433 662 1478 una
686 1433 756 1478 cum
787 1415 904 1479 ceteris
927 1414 1110 1495 Hungan'ae
1134 1416 1229 1481 Prae-

72 1503 186 1567 sufibus
210 1502 321 1567 eodem
345 1502 448 1567 adhuc
470 1521 552 1566 anno
576 1502 700 1584 publice
715 1502 909 1583 proscripsit,
934 1502 1044 1566 itidem
1060 1504 1228 1585 rejicimus,

10 1638 12 1645 .
71 1591 299 1670 proscribimus,
335 1596 429 1672 atque
460 1591 582 1655 cunctis
612 1590 797 1655 Provinciae
830 1589 923 1670 hujus
955 1590 1100 1654 fidelibus
1131 1594 1229 1657 inter-

10 1668 14 1763 !
76 1679 205 1755 dicimus,
240 1696 281 1742 ne
310 1697 364 1742 eas
391 1679 498 1759 legere
529 1677 579 1742 vel
612 1685 731 1756 tenere,
767 1678 866 1742 multo
896 1677 999 1743 minus
1029 1678 1143 1743 docere
1175 1698 1228 1744 au·-

79 1767 203 1831 ‹laent.“

10 1856 12 1861 '
170 1859 201 1918 5.
248 1851 423 1918 Concilium
451 1852 626 1934 plenarium
650 1852 896 1930 Baltinarerme,
922 1870 1005 1916 anno
1029 1857 1116 1952 286ss
1142 1873 1227 1920 coac·

85 1948 143 2020 tun,
162 1942 197 2006 in
213 1941 359 2013 decretis,
383 1941 496 2021 quibus
519 1948 561 2005 44
578 1939 812 2022 Archiepiscopi
835 1946 868 2005 et
894 1940 1044 2022 Episcopi
1068 1942 1229 2025 subscrip·

92 2036 179 2108 scunt,
205 2031 291 2093 inter
314 2027 379 2092 alia
402 2029 480 2093 haec
503 2030 607 2093 docet:
636 2028 733 2106 ,Viva
750 2038 783 2091 et
805 2027 977 2092 int'allibilis
999 2030 1172 2092 auctoritas
1194 2030 1229 2093 in

97 2122 243 2183 canotum
266 2118 353 2198 viget
369 2115 520 2194 Ecclesia,
545 2135 625 2196 quae
642 2136 660 2180 a
677 2116 803 2179 t'hristo
820 2116 953 2179 Domino
976 2133 1071 2196 supra
1086 2115 1227 2197 Petrum,

94 2205 160 2271 tofius
176 2204 343 2270 Ecclesiae
366 2213 470 2285 caput,
494 2205 666 2284 principem
684 2211 714 2267 et
739 2209 910 2284 pastorem,
935 2205 1024 2284 cujus
1040 2202 1134 2267 fidem
1150 2223 1228 2267 nun-

88 2307 156 2369 quan
181 2290 378 2359 defecturam
410 2293 562 2372 promisit,
598 2292 772 2370 aedificata,
808 2309 882 2355 suos
914 2290 1072 2371 legitimos
1104 2310 1228 2373 semper

84 2375 162 2446 labet
194 2378 376 2458 Pontifices,
412 2381 480 2444 sine
510 2380 742 2444 intermissione
773 2379 813 2444 ab
848 2381 917 2459 ipso
950 2378 1045 2443 Petro
1077 2379 1227 2444 ducentes

80 2467 228 2550 originem,
263 2469 295 2532 in
320 2469 387 2548 ejus
418 2467 567 2531 cathedra
598 2466 775 2544 collocatos,
811 2470 842 2530 et
865 2466 1005 2545 ejusdem
1037 2468 1131 2530 etiam
1155 2467 1228 2530 doc-

79 2554 174 2636 trinae,
209 2555 385 2638 dignitatis,
421 2557 547 2620 honoris
571 2560 604 2619 et
634 2555 803 2636 potestatis
833 2553 988 2618 haeredes
1019 2565 1050 2619 et
1077 2555 1227 2620 vindices.

74 2640 108 2705 llt
126 2645 277 2725 quoniam
303 2644 355 2707 ubi
378 2642 500 2722 Petrae,
529 2643 573 2707 ibi
596 2642 747 2718 Ecclesia,
776 2661 813 2707 ac
835 2641 949 2706 Petrus
973 2660 1030 2722 per
1052 2644 1228 2707 Romanum

73 2728 245 2796 Pontificem
276 2731 416 2811 loquitur
446 2738 477 2794 et
508 2748 632 2811 semper
662 2732 693 2794 in
725 2730 790 2795 suis
822 2730 1058 2794 successoribus
1089 2731 1165 2794 vivit
1196 2734 1229 2796 et

67 2819 218 2898 judicium
252 2824 386 2893 exercet,
427 2837 464 2881 ac
500 2824 643 2898 praestat
676 2819 901 2898 quaerentibus
936 2815 1008 2880 fidei
1042 2819 1228 2896 veritatem

68 2905 183 2971 boon
209 2904 324 2970 divina
354 2905 481 2986 elsatam
504 2927 538 2969 eo
563 2905 665 2984 plane
687 2923 782 2969 aaran
811 2911 887 2970 snnt
914 2906 1110 2982 accipienda,
1147 2926 1229 2985 qnae

65 2995 166 3059 tenuit
189 3015 228 3057 ac
251 2999 334 3058 tenet
356 2994 432 3056 baec
454 2992 602 3057 Romana
631 2994 806 3056 [acutissimi
829 2993 920 3055 Petri
952 2991 1112 3070 cathedra,
1148 3011 1228 3073 quae

10 3138 12 3153 ,
64 3083 205 3146 omnium
221 3080 435 3146 Ecclesiarum
452 3088 554 3144 mater
569 3085 603 3144 et
618 3081 781 3160 magistra,
806 3079 900 3144 fidem
917 3099 936 3144 a
951 3077 1078 3144 Christo
1093 3080 1228 3145 Domino

62 3169 220 3234 traditam
236 3170 393 3250 integram
409 3168 657 3248 inviolatamque
672 3186 796 3248 semper
811 3169 958 3247 servavit,
976 3188 1105 3246 eampne
1118 3168 1230 3248 fideles

61 3257 198 3334 edocuit,
224 3257 370 3320 omnibns
386 3257 552 3320 ostendens
575 3255 692 3319 salatia
706 3257 852 3320 semitam
875 3262 904 3318 at
925 3256 1131 3334 incorruptae
1146 3257 1228 3320 veri-

58 3346 139 3409 tatis
165 3344 353 3410 doctrinam.

172 3437 202 3495 6.
234 3429 408 3496 Concilium
425 3432 559 3510 primum
576 3430 764 3510 provinciale
780 3430 1128 3509 westmonasteriense,
1146 3450 1228 3496 anno

62 3524 151 3585 1852
184 3519 337 3598 habitum,
372 3517 556 3600 profitetur:
595 3517 693 3596 ,Cum
721 3517 874 3583 Dominus
905 3524 1013 3582 noster
1041 3518 1231 3583 adhortetur

58 3610 190 3674 dicens:
226 3608 391 3671 Attendite
417 3607 458 3669 ad
482 3615 614 3687 petram,
651 3606 735 3669 unde
763 3607 860 3670 excisi
882 3606 973 3682 estis;
1008 3607 1163 3670 attendite
1187 3608 1229 3670 ad

57 3694 237 3774 Abrabam,
260 3703 383 3775 patrem
408 3700 562 3759 vestrum:
586 3710 722 3773 aequum
738 3701 794 3773 est,
817 3711 884 3768 noe,
908 3694 962 3773 qui
984 3693 1164 3757 immediate
1187 3694 1227 3756 ab

57 3783 250 3866 Apostolica
265 3782 347 3847 Sede
370 3782 472 3858 fidem,
496 3781 715 3860 sacerdotium,
740 3800 910 3861 veramque
932 3781 1116 3862 religionem
1139 3798 1228 3845 acce·

57 3875 179 3953 pimus
212 3871 313 3935 eidem
337 3871 407 3950 plus
435 3871 547 3934 ceteris
576 3869 691 3933 amoris
715 3874 747 3933 et
776 3869 996 3934 observantiae
1020 3868 1151 3932 vinculis
1173 3868 1229 3931 ad·

59 3960 189 4040 stringi.
221 3958 483 4022 Fundamentum
499 3957 604 4039 igitar
618 3978 711 4020 aerae
726 3964 755 4020 et
771 3956 963 4021 orthodoxae
976 3956 1054 4036 liutei
1067 3955 1226 4034 portinent,

60 4047 149 4130 qnod
164 4047 324 4110 Dominam
339 4051 447 4109 noster
462 4044 561 4108 Jesns
582 4043 730 4108 Oltrtstns
747 4065 870 4123 ponere
884 4045 982 4107 noluit
997 4044 1227 4121 inconcussam,
1303 4087 1307 4096 ·

60 4134 187 4201 scincet
212 4134 304 4197 Petri
335 4132 526 4209 cathedram,
560 4133 656 4196 totins
687 4131 773 4195 orbis
803 4133 992 4214 magistram
1021 4136 1050 4193 et
1081 4135 1223 4208 matrem,

60 4224 94 4288 S.
122 4221 304 4287 Romanam
326 4220 515 4285 Ecclesiam.
573 4219 737 4300 Quidquid
769 4220 808 4283 ab
836 4221 910 4299 ‘msa
941 4217 1034 4281 cernet
1062 4217 1230 4297 cenitana

61 4317 120 4386 est,
145 4329 179 4374 eo
201 4312 273 4391 tyrso
296 4315 405 4372 ratnrn
428 4313 457 4372 et
481 4312 600 4371 certam
623 4310 778 4386 tenenns;
801 4308 900 4387 ipsius
916 4305 1113 4384 traditiones,
1136 4306 1228 4387 ritus,

1089 4407 1121 4462 5*
