2872 4874
450 307 489 355 ns
512 307 656 356 accuens
679 309 807 357 censu.
1177 305 1221 365 49

59 449 153 513 media
189 467 254 514 non
278 447 437 526 deessent,
471 448 750 528 providentissima
781 455 883 515 ruatm
914 449 1060 517 Ecclesia
1092 471 1222 536 semper

60 538 159 602 edalo
183 537 322 603 curavit.
378 534 481 616 Leges
508 536 591 599 enim
623 553 681 617 pro
703 553 827 601 summa
853 539 1045 605 auctoritate
1072 541 1123 606 vel
1149 545 1221 624 ipsa

62 626 123 689 tulit
138 625 191 688 vel
206 644 229 689 a
244 623 454 688 sanctissimis
470 623 547 687 viris
569 623 748 704 propositas
763 625 920 706 probavit,
943 628 1057 708 quibus
1071 629 1221 710 religiosa

62 715 116 778 rita
137 718 174 777 et
196 711 354 793 professio
376 708 468 775 firma
482 729 520 775 ac
543 717 614 775 tuta
629 712 826 792 consisteret,
850 720 885 779 et
900 714 942 778 ad
965 723 1110 780 sanmum
1127 736 1220 783 suum

63 800 142 867 inem
167 800 374 881 dirigeretur.
432 797 581 875 Quamvis
611 800 710 880 igitur
738 818 801 865 non
829 819 937 866 omnes
969 805 1069 868 vocati
1091 805 1155 869 sint
1177 808 1219 870 od

62 890 129 955 lanc
152 889 243 952 sitae
265 887 424 952 rationem
445 887 478 950 in
502 886 638 952 consiliis
662 886 853 969 evangelicis
868 889 1064 955 voluntariae
1087 911 1124 956 ac
1147 911 1219 973 per-

62 985 166 1058 petuae
200 975 414 1057 paupertatis,
449 977 670 1051 continentiae,
711 984 744 1039 et
778 975 978 1042 obedientiae
1011 981 1217 1060 sequendam:

62 1072 195 1129 ammon
218 1082 260 1128 ex
283 1062 440 1129 constanti
454 1061 617 1127 Ecclesiae
641 1061 855 1129 declaratione
871 1071 969 1145 atque
992 1085 1053 1132 usu
1075 1070 1219 1135 omnibus

61 1171 181 1219 laesae
203 1157 258 1216 est
281 1151 457 1228 aestimare,
482 1167 551 1214 earn
568 1148 763 1231 apostolicae
786 1151 948 1217 doctrinae
973 1163 1217 1222 consentaneam

60 1258 116 1305 csse
137 1246 175 1306 et
197 1239 242 1303 ad
258 1237 463 1303 christianam
486 1236 711 1319 perfectionem
727 1238 910 1306 conducere.
946 1240 973 1305 Ii
995 1261 1080 1322 vero,
1103 1244 1220 1324 quibus

59 1329 157 1393 fabum
182 1332 237 1392 est
266 1345 286 1390 a
310 1324 405 1390 Patre
427 1323 587 1390 Christum
619 1330 784 1391 vocantem
808 1326 920 1392 audire
941 1335 975 1392 et
999 1331 1097 1411 sequi,
1133 1332 1218 1397 ultra

57 1420 296 1496 praeceptorum
319 1412 571 1478 observationem
606 1413 738 1479 consilia
759 1430 883 1496 quoque
912 1418 1096 1498 evangelica
1117 1419 1149 1482 in
1173 1421 1219 1483 in-

56 1505 170 1571 stitutis
200 1501 363 1582 religiosis
385 1519 447 1566 non
477 1500 579 1566 solum
603 1503 728 1567 activae
751 1502 927 1567 sedetiam
951 1505 1218 1587 contemplativas

10 1590 12 1607 '
55 1593 130 1657 vitae
153 1589 335 1657 secundum
357 1589 486 1653 modum
508 1589 549 1653 ab
572 1588 716 1655 Ecclesia
745 1593 956 1670 approbatum
979 1594 1030 1673 pie
1053 1603 1086 1657 et
1109 1595 1219 1661 lauda·

56 1679 154 1745 biliter
188 1676 438 1758 amplectuutur,
473 1695 510 1741 ac
538 1677 643 1741 diviua
677 1679 784 1760 gratia
812 1677 988 1759 opitulante
1022 1696 1156 1760 possunt
1186 1693 1220 1748 et

58 1774 211 1845 tenentur,
247 1782 330 1844 quae
358 1770 521 1844 voverunt,
555 1764 689 1830 reddere
717 1766 852 1832 Domino
882 1765 956 1831 Deo.
1014 1766 1120 1845 Quare
1150 1778 1218 1835 tum

61 1856 127 1921 baec
152 1852 323 1921 Ecclesiae
353 1859 386 1917 et
415 1850 554 1916 fidelium
585 1852 660 1933 jura
682 1858 749 1918 tum
780 1859 928 1933 suscepta
950 1854 1033 1919 votis
1062 1857 1217 1938 religiosis

65 1941 152 2009 oficio
172 1943 209 2006 in
233 1940 469 2022 supernaturali
492 1939 550 2004 Dei
571 1938 644 2022 lege
666 1959 704 2006 ac
726 1941 924 2007 ordinatione
947 1940 1130 2021 fundantur,
1155 1964 1219 2026 qua

71 2026 196 2097 maus
219 2031 382 2110 sapientia
403 2037 534 2094 aeterna
555 2027 588 2091 in
611 2035 724 2094 sancta
745 2028 887 2094 Ecclesia
909 2048 967 2094 sua
988 2031 1071 2094 viam
1095 2034 1217 2112 perfec·

77 2120 147 2185 tiou's
170 2118 381 2198 evangelicae
411 2116 599 2183 monstravit
632 2135 670 2181 ac
701 2117 869 2199 disposuit;
905 2135 963 2182 nec
995 2118 1050 2182 illa
1079 2120 1216 2200 politicis

76 2205 168 2288 lcpbm
192 2208 263 2271 sive
288 2205 383 2286 dirigi
403 2205 469 2270 sive
492 2203 590 2270 deleri
612 2211 755 2284 possunt.

152 2295 355 2360 Damuamus
377 2293 475 2374 igitur
497 2297 565 2356 tum
590 2293 777 2372 doctrinam,
801 2310 866 2372 qua
888 2291 1043 2374 professio
1066 2293 1215 2376 religiosa

64 2382 159 2449 licia
180 2382 236 2448 vel
259 2399 335 2448 vero
357 2379 513 2461 profectui
527 2379 716 2460 populorum
739 2382 840 2459 noxia,
864 2398 904 2444 ac
925 2389 1095 2461 propterea
1118 2382 1216 2447 elimi-

62 2473 153 2537 nanda
173 2488 249 2537 csse
274 2469 400 2548 dicitur,
421 2475 491 2533 tum
513 2468 627 2548 impios
651 2468 811 2533 honunum
834 2475 975 2547 conatus,
1006 2471 1060 2549 qui
1083 2488 1216 2535 comme-

61 2566 171 2625 morata
186 2557 353 2624 Ecclesiae
374 2574 411 2621 ac
434 2554 575 2621 fidelium
593 2555 668 2635 jura
691 2556 854 2634 invadunt,
877 2560 910 2620 et
932 2561 1054 2621 tantam
1076 2559 1136 2639 ipsi
1147 2558 1215 2624 Deo

59 2663 91 2712 ac
109 2654 241 2713 sanctae
264 2645 411 2726 religioni
434 2643 607 2709 catholicae
629 2644 771 2723 irrogant
792 2644 950 2726 iujuriam.

154 2735 216 2801 Hic
239 2750 336 2816 porro
358 2732 453 2797 aliam
475 2731 665 2812 sacrilegam
689 2731 889 2812 injustitiam,
912 2749 994 2811 quae
1016 2740 1127 2798 contra
1149 2752 1216 2800 ma·

10 2822 12 2831 '
59 2830 131 2888 trem
154 2822 332 2888 Ecclesiam
369 2819 539 2885 crudeliter
562 2826 594 2884 et
628 2820 661 2883 in
684 2819 751 2883 dies
774 2818 870 2882 latius
893 2826 1069 2899 grassatur,
1102 2821 1216 2886 iterum

10 2884 13 2981 f
61 2911 203 2976 damnare
225 2916 259 2975 et
280 2908 560 2990 perniciosissimas
583 2905 734 2984 fallacias,
759 2907 873 2986 quibus
889 2906 1030 2973 homines
1052 2908 1216 2974 mendaces

10 2986 12 3057 f
61 2997 139 3064 ibam
161 2998 311 3065 obvelare
333 2996 474 3072 student,
497 2993 696 3076 proscribere
718 3011 848 3060 necesse
871 2992 970 3058 Nobis
993 2999 1051 3058 est.
1097 2994 1216 3061 Dicunt

10 3082 14 3179 j
59 3087 208 3166 mmunm,
239 3086 293 3167 jus
315 3083 486 3162 Ecclesiae,
520 3083 705 3162 acquirendi
728 3089 761 3147 et
782 3081 965 3165 possidendi
987 3081 1072 3146 bona
1094 3093 1215 3165 tempo·

60 3175 137 3256 ralia,
170 3191 241 3239 esse
264 3173 441 3255 subjectum
463 3170 595 3235 arbitrio
618 3173 721 3234 status
743 3169 870 3251 politici,
904 3176 937 3232 et
959 3168 1000 3233 ab
1023 3169 1091 3250 ejus
1114 3171 1215 3237 libera

59 3264 251 3328 concessione
281 3262 403 3343 jugiter
425 3259 571 3339 pendere,
605 3259 650 3321 ita
678 3265 714 3322 ut
745 3263 887 3338 potestas
917 3255 1046 3338 politica
1076 3258 1108 3320 vi
1137 3277 1214 3325 suae

58 3367 217 3432 supremae
240 3348 442 3414 auctoritatis
465 3347 566 3427 possit
588 3345 667 3409 illud
695 3344 748 3425 jus
771 3345 908 3422 abolere,
933 3343 1067 3423 latisque
1091 3345 1213 3426 legibus

57 3439 107 3504 sibi
129 3437 294 3503 vindicare
317 3436 403 3500 velut
426 3435 509 3499 bona
524 3434 650 3497 domiuo
673 3451 783 3511 vacua,
809 3451 892 3512 quae
908 3431 1047 3513 legitimo
1071 3435 1213 3513 proprie-

56 3528 123 3592 tatis
145 3524 241 3590 titulo
264 3531 339 3588 sunt
361 3525 394 3588 in
416 3523 614 3603 possessione
637 3519 813 3598 Ecclesiae;
837 3527 893 3584 aut
917 3517 1086 3595 affirmant,
1111 3521 1214 3601 dispo·

57 3615 197 3680 sirionem
219 3629 257 3677 ac
281 3610 535 3676 distributionem
560 3608 713 3673 bonorum
728 3609 1012 3673 ecclesiasticorum
1036 3625 1099 3671 non
1121 3626 1213 3673 secus

56 3720 86 3768 ae
106 3719 229 3780 corum,
253 3717 334 3781 quae
356 3698 484 3780 publica
507 3702 581 3760 suut
602 3696 699 3761 totius
716 3697 862 3773 nationis
887 3697 1045 3776 pertinere
1069 3695 1108 3758 ad
1132 3697 1213 3761 nati-

54 3809 118 3855 vum
138 3792 194 3873 jus
218 3805 386 3869 supremae
407 3786 573 3867 potestatis
596 3783 751 3865 politicae.
802 3782 991 3865 Hujusmodi
1013 3789 1120 3846 autem
1142 3803 1213 3864 per·

51 3880 145 3944 versis
177 3876 331 3942 doctrinis
358 3876 585 3954 impugnantur
615 3872 689 3952 jura
719 3870 882 3936 Ecclesiae
913 3871 1097 3950 certissima,
1131 3889 1214 3951 quae

10 3974 12 3979 '
49 3986 83 4030 ex
104 3968 176 4048 ipsa
199 3967 269 4048 ejus
293 3964 442 4027 divinitus
466 3960 540 4025 data
564 3961 788 4026 constitutione
812 3962 1012 4040 promanant.
1070 3958 1213 4024 Ecclesia

48 4074 182 4137 namque
206 4071 278 4117 cum
301 4052 344 4116 sit
365 4049 509 4133 perfecta
523 4051 657 4113 societas
682 4047 787 4111 divino
806 4048 879 4128 jure
895 4048 1076 4123 constituta,
1102 4063 1213 4127 snper-

46 4143 203 4210 naturalis
227 4139 364 4222 quidem,
389 4139 445 4203 sed
467 4136 577 4201 eadem
601 4135 735 4200 societas
763 4134 896 4198 visibilis
919 4152 958 4196 ex
981 4132 1157 4196 bominibus
1181 4142 1214 4200 et

45 4234 83 4297 ad
100 4232 266 4296 homiuum
289 4227 425 4291 salutem
441 4225 583 4291 interris
601 4223 787 4303 consistens,
811 4226 979 4302 propterea
995 4219 1091 4283 rebus
1115 4222 1211 4287 etiam

43 4319 222 4387 visibilibus
246 4321 280 4381 et
302 4316 440 4380 externis
464 4319 558 4394 atque
582 4312 664 4375 inter
694 4309 773 4374 haec
796 4310 886 4374 bonis
910 4325 1034 4389 quoque
1055 4309 1212 4389 tempora·

96 4441 223 4492 Msrttn,
237 4437 395 4480 Documenta.
1088 4430 1107 4482 4
1331 4458 1380 4584 ι
