2872 4874
487 343 527 390 nr
550 343 731 392 praemunt.
1135 328 1197 389 129

10 544 18 553 .
72 490 190 566 gulaque
203 483 330 562 luerint,
347 483 465 548 viribus
488 489 625 548 careant.
660 483 854 548 vicariorum
871 489 977 546 autem
994 482 1198 563 generalium,

72 588 130 652 quos
155 572 337 638 honorarios
370 577 498 649 vocant,
539 589 652 636 nornen
687 577 720 635 et
755 587 830 634 usus
863 587 993 652 prorsus
1032 569 1201 634 aboleatur

10 670 22 783 *³
74 659 516 813 meggnttieltmquacumque
560 657 788 724 consuetudine
825 658 923 722 etiam
959 657 1200 722 immemorabili

514 881 725 891 -ι-α--ο-

514 894 721 903 -.-.-----

468 1025 501 1106 2.
544 1023 767 1126 suhalim)

359 1182 416 1248 na
439 1182 581 1248 Pravo
604 1179 886 1248 curacursuo

15 1377 19 1381 .
146 1323 201 1388 Pia
235 1322 343 1388 Mater
374 1321 518 1389 Ecclesia
549 1321 664 1404 Sponsi
698 1323 748 1386 sui
782 1319 956 1387 salvatoris
991 1323 1092 1388 nostri
1125 1322 1204 1388 Jesu

13 1412 19 1419 '
75 1406 158 1475 lhristi
198 1410 328 1477 monitis
365 1416 462 1492 atque
499 1410 651 1492 exemplis
688 1409 803 1474 edocta
838 1411 1040 1491 praecipuam
1079 1429 1205 1494 sempor

12 1496 16 1505 “
73 1514 148 1563 cuam
181 1516 221 1564 ac
244 1497 486 1564 sollicitudinem
519 1517 594 1579 erga
623 1516 739 1578 pueros
770 1498 938 1578 impendit,
972 1503 1007 1562 ut
1028 1497 1111 1563 lacte
1134 1517 1203 1564 coe-

72 1582 131 1651 lats
156 1586 319 1652 doctrinae
354 1586 486 1652 enutriti
518 1587 560 1651 ad
593 1604 716 1650 omnem
739 1585 867 1665 pictatis
898 1586 1054 1650 rationem
1077 1592 1202 1651 mature

71 1671 294 1741 hlormarentur.
344 1673 426 1738 Hinc
460 1678 661 1738 sacrosancta
694 1672 879 1737 Tridentino
912 1671 1057 1755 Synodus
1087 1674 1204 1739 nedum

72 1758 204 1843 Episcopis
228 1761 401 1841 mandavit,
432 1767 469 1825 ut
492 1779 607 1842 pueros
630 1759 703 1825 tidei
727 1760 915 1839 rudimenta,
939 1766 971 1825 et
994 1761 1205 1827 obedientiam

72 1866 121 1930 erga
140 1849 243 1914 Deum
266 1854 475 1932 adparentes
505 1849 672 1930 diligenter
695 1848 798 1912 doceri
821 1852 1018 1924 curarent32)
1048 1849 1105 1913 sed
1127 1848 1206 1913 illud

72 1943 205 2015 noerae
239 1937 300 2003 sihi
330 1934 508 2002 faciendum
531 1937 663 2014 censuit,
688 1941 724 2000 ut
747 1942 864 2000 certam
880 1935 1015 2017 aliquam
1037 1933 1206 2001 formulam

76 2026 256 2091 arationem·
275 2024 418 2090 traderet
443 2024 606 2088 christiani
630 2023 737 2105 populi
760 2024 800 2087 ab
823 2024 899 2103 ipsis
923 2022 995 2087 fidei
1017 2023 1206 2088 rudimentis

76 2108 236 2193 iuuandi,
261 2130 354 2194 quam
377 2113 410 2177 in
433 2112 577 2177 omnibus
601 2110 752 2176 Ecclesiis
783 2110 830 2174 illi
853 2115 1068 2192 sequerentur,
1093 2113 1206 2192 quibus

33 2232 37 2241 ·
72 2194 172 2281 launi
194 2200 336 2282 pastoris
359 2205 392 2264 et
408 2199 546 2264 doctoris
570 2217 684 2263 munus
708 2204 791 2264 esset
815 2198 1037 2281 obeundum.³)
1072 2199 1108 2264 ld
1131 2216 1206 2264 vero

70 2300 115 2351 m
133 2289 175 2354 ab
199 2289 270 2368 ipsa
300 2293 413 2352 sancta
435 2286 561 2368 Synodo
592 2286 701 2369 perlici
735 2305 797 2350 non
820 2286 972 2366 potuerit,
1004 2304 1043 2350 ex
1065 2286 1207 2368 ejusdcm

66 2376 153 2459 τοῖοί)
183 2374 370 2457 Apostolica
391 2374 469 2439 haec
491 2374 588 2440 Sedes
621 2375 661 2438 ad
684 2381 830 2455 optatum
854 2375 980 2453 exitum,
1006 2370 1206 2439 Catechismo

62 2460 265 2528 tharochos
288 2463 320 2527 in
342 2462 445 2527 lucem
468 2464 562 2541 edito,
586 2461 720 2527 feliciter
738 2462 894 2543 perduxit.
928 2461 1037 2543 Neque
1060 2461 1111 2527 hic
1133 2480 1206 2527 cou-

17 2560 20 2567 '
61 2550 139 2617 dut:
162 2551 221 2616 sed
243 2550 501 2616 Tridentinorum
524 2549 654 2614 Petrum
678 2552 778 2613 menti
801 2548 990 2613 cumulatius
1014 2550 1208 2630 respondere

61 2640 182 2720 muana
213 2643 250 2703 ut
273 2656 354 2703 unus
378 2638 527 2718 deinceps
558 2638 704 2718 idemque
736 2638 846 2701 modus
870 2637 902 2701 in
926 2637 1067 2702 docendo
1091 2643 1125 2701 et
1145 2638 1207 2702 dis-

59 2726 144 2791 tendo
177 2726 384 2792 christianam
418 2728 591 2790 doctrinam
615 2725 655 2789 ab
683 2727 826 2789 omnibus
859 2731 1040 2802 teneretur,
1075 2744 1208 2806 parvum

58 2828 168 2896 quoque
182 2831 242 2896 pro
257 2815 366 2894 pueris
389 2813 568 2878 erudiendis
585 2811 826 2891 catechismum,
845 2831 864 2876 a
880 2813 957 2876 Van.
976 2811 1070 2876 Card.
1087 2813 1209 2878 Bellar-

58 2901 131 2967 mino
144 2903 215 2983 ipsa
235 2901 369 2984 jubente
385 2909 558 2978 exaratum,
583 2900 779 2981 approbavit,
798 2900 1005 2980 omnibusque
1021 2899 1208 2979 OrdinariiS,

58 2985 206 3069 Perochis,
232 2989 365 3070 aliisque
388 2989 429 3053 ad
452 3007 532 3069 quos
556 2990 721 3070 spectabat
745 2989 833 3052 enixe
858 2988 1130 3069 commendavit.⁵)

151 3074 233 3141 Gum
257 3084 364 3141 autem
388 3076 447 3141 hac
470 3082 580 3141 nostra
596 3081 702 3140 aetate
725 3095 763 3140 ex
786 3076 905 3156 ingenti
929 3075 961 3138 in
978 3075 1109 3140 diversis
1133 3075 1211 3140 Pro-

59 3160 156 3231 vinciis
178 3169 276 3247 atque
304 3164 402 3229 etiam
434 3165 637 3230 Dioecesibus
668 3183 837 3244 parvorum
860 3161 1131 3249 Catechismorum
1154 3182 1211 3228 nu·

59 3265 219 3317 memnon
242 3250 326 3316 levia
354 3253 429 3317 oriri
459 3252 657 3317 incommoda
685 3255 878 3332 compertum
903 3250 960 3327 sit3
995 3250 1112 3316 idcirco
1135 3250 1211 3331 Nos,

62 3352 141 3403 sacro
168 3339 367 3424 approbante
391 3336 545 3418 Concilio,
580 3340 620 3403 ob
653 3339 760 3403 oculos
792 3338 909 3403 habitis
944 3339 1098 3418 imprimis
1121 3358 1212 3420 prae·

62 3423 136 3491 dicto
155 3426 235 3494 Ven.
272 3425 367 3494 Gard.
403 3427 586 3491 Bellarmini
616 3424 825 3505 catechismo,
860 3431 930 3490 tum
961 3427 1057 3490 etiam
1087 3426 1158 3490 aliis
1180 3429 1213 3492 in

63 3510 221 3580 christiano
244 3514 362 3597 populo
385 3516 484 3595 magis
507 3515 703 3596 pervulgatis
728 3513 943 3592 CatechismiS,
967 3533 1082 3578 novum
1105 3519 1213 3579 aucto-

63 3598 149 3666 ritate
161 3602 281 3667 Nostra
304 3603 406 3667 latina
419 3603 529 3684 lingua
552 3603 799 3667 elucubrandum
815 3602 1003 3680 curabimus,
1028 3621 1089 3683 quo
1106 3620 1213 3666 omncs

66 3691 188 3768 utantur,
207 3691 333 3755 sublata
348 3691 380 3753 in
400 3696 562 3771 posterum
578 3709 747 3770 parvorum
765 3689 1034 3754 catechismorum
1050 3691 1214 3755 varietate.

70 3799 263 3814 ’ξι-

159 3863 283 3933 ¹)Huno
309 3863 339 3917 in
365 3864 475 3917 modum
495 3862 624 3932 Schema,
653 3863 726 3932 quod
752 3863 866 3918 Concilii
892 3863 1021 3916 Patribus
1041 3863 1214 3916 distributum

73 3934 171 3997 crata
198 3934 380 4002 deputatione
404 3951 454 4001 pro
477 3933 619 4000 disciplina
650 3933 829 3988 reformatum
854 3944 882 3987 et
905 3951 921 3986 a
947 3934 1060 3986 Concilii
1085 3933 1215 3986 Patribus

73 4001 206 4061 bunuaria
223 4005 365 4059 rotatione
384 4005 567 4071 approbatum
585 4009 653 4058 arat.

161 4074 185 4178 ἰ)
203 4074 277 4129 Seue.
296 4075 396 4131 XXIV.
417 4075 483 4141 Cap.
502 4075 548 4126 lV.
568 4074 601 4127 de
619 4074 738 4138 Reform.
1016 4143 1020 4152 ⁵

162 4146 184 4283 d
202 4145 278 4269 itt:
296 4144 566 4268 llll-totle
582 4142 1145 4269 ltaifftttoitebtlttttetles·

163 4286 185 4352 ⁵)
203 4285 289 4341 Clam.
323 4285 397 4341 VIll.
431 4285 509 4338 Brev.
537 4283 698 4338 Pastorclis
734 4288 773 4340 lb.
804 4285 871 4337 Julii
902 4285 984 4351 1598,
1016 4282 1115 4336 Bened.
1146 4283 1218 4336 XlV.

78 4343 176 4409 Consua
192 4354 261 4426 Etsi
278 4354 391 4408 minime
408 4359 434 4412 7.
452 4355 537 4420 Febr,
557 4359 633 4409 1742.

118 4452 230 4513 llartln,
246 4459 404 4503 Documenta,
1097 4443 1113 4496 9
