2872 4874
245 342 308 402 212
752 354 922 403 ιοιιοιιιι

245 513 359 560 manus
384 495 564 573 dissolutas,
599 501 632 559 et
654 512 759 577 genua
781 493 898 559 debilia
931 494 1120 569 roboranda,
1152 494 1198 558 ad
1220 495 1381 595 aperiendos

245 582 352 648 viculos
376 589 603 648 caecorumot
634 600 728 647 aures
750 583 935 647 surdorum⁴
941 582 981 664 ,¹)
1015 583 1085 663 quis
1107 581 1192 646 illico
1214 600 1278 646 non
1299 584 1382 648 meni·

243 671 326 735 uerit
312 669 380 735 tS
396 669 557 735 Francisci
571 668 694 747 Salesii,
719 670 808 751 cujus
831 670 902 734 laus
925 632 975 733 e⁷st
989 668 1022 732 in
1037 668 1181 734 Ecclesia
1203 674 1383 736 sanctoruni

242 757 398 823 Finitimis
421 757 570 822 Geuovae
591 757 725 838 populis
748 757 872 822 haeresi
888 757 1065 822 calviniana
1086 755 1219 838 infectis,
1242 756 1382 823 aeacide

242 863 428 927 praeconem
452 845 611 922 exhibens,
643 847 845 925 quantumvis
873 846 915 909 ad
938 863 1048 909 necem
1077 845 1117 909 ab
1140 845 1308 911 haereticis
1329 864 1382 910 oon·
1424 848 1428 905 i

242 934 387 1015 quisitus,
412 933 585 997 sanctitate
608 934 695 996 vitae
718 938 751 997 ιι
737 933 872 998 ιι“ιιοι
847 951 917 996 ιιιι
946 932 1148 1014 septuaginta
1114 933 1238 997 tduo
1266 932 1380 998 milliar

243 1022 294 1087 via
317 1021 460 1086 veritatis
483 1021 657 1084 errantium
688 1020 730 1084 ad
752 1019 914 1085 Ecclesiae
946 1022 1100 1101 gremium
1118 1021 1294 1121 ,revocavit3
1326 1021 1381 1104 ,isip

243 1110 395 1173 viderunt
417 1108 549 1188 gloriam
572 1108 753 1172 Dominiet
776 1109 921 1172 decorem
945 1107 1004 1172 Dei
1027 1114 1136 1172 nostri.
1142 1109 1195 1190 ⁴)
1424 1161 1428 1185 ,

347 1195 438 1274 Dein,
461 1195 566 1260 adhuc
587 1196 711 1274 vivens,
735 1215 798 1260 non
821 1197 902 1260 raris
922 1196 988 1276 Jam
1020 1195 1196 1261 clarescere
1221 1197 1322 1277 coepit
1341 1195 1403 1259 ιι.

241 1283 366 1362 iaculis
391 1300 472 1363 quae
494 1290 568 1364 post
590 1283 676 1348 illius
698 1289 832 1348 mortem
864 1288 913 1348 tot
940 1301 1014 1348 mox
1035 1289 1071 1347 et
1091 1289 1185 1348 tanta
1206 1282 1379 1362 fueruntat

243 1370 431 1453 Apostolicis
453 1372 549 1434 etiam
571 1371 696 1451 legibus
724 1371 897 1452 derogans,
928 1389 990 1450 quo
1018 1371 1112 1436 citius
1135 1370 1300 1437 Ecclesiae
1319 1371 1379 1436 reth

240 1465 275 1522 et
297 1459 374 1541 ejus·
399 1459 501 1523 sancti
476 1458 653 1540 tgloriae
682 1456 869 1537 satisfieret,
900 1457 1000 1523 felicis
1033 1460 1205 1524 memoriae
1228 1458 1380 1524 Alexander

241 1547 313 1611 VII
335 1546 496 1611 Francisci
519 1546 629 1611 Salesii
661 1564 775 1611 nomeu
807 1549 841 1610 in
873 1546 1015 1611 divorum
1045 1546 1118 1610 albo
1150 1545 1380 1612 solemnitcrin·

241 1633 412 1716 scripserit.

345 1720 412 1786 Nec
434 1722 537 1786 minus
552 1702 684 1786 scientia
707 1728 740 1786 et
756 1722 899 1786 doctrina
920 1740 1014 1801 qnam
1037 1722 1124 1786 vitae
1147 1684 1317 1787 sanctitate
1328 1708 1381 1787 seat

239 1807 421 1888 informans,
449 1809 619 1890 „quidquid
640 1811 792 1891 temporis
816 1810 857 1872 ab
873 1815 903 1873 st
889 1809 978 1874 tudio
1001 1809 1135 1874 liberum
1151 1809 1216 1875 sibi
1226 1827 1265 1874 su
1266 1816 1381 1911 peraret,
1425 1856 1428 1887 ,

239 1897 272 1960 ιι
304 1897 443 1977 prolixas
480 1915 589 1978 preces
622 1897 869 1962 transferebat⁴⁴
876 1899 906 1976 ⁸)
954 1896 1022 1975 „Ex
1055 1914 1131 1978 quo,
1163 1897 1205 1961 ad
1237 1898 1381 1963 maxima

239 1985 413 2048 errantium
428 1984 550 2068 utilitat
536 1991 608 2064 tem,
633 1986 736 2086 coepit
759 1985 938 2065 exscripto,
962 1984 1106 2065 pluribus
1122 1983 1275 2050 confectis
1290 1984 1384 2051 libellis

239 2072 376 2154 evulgat
368 2090 458 2153 isque
479 2072 692 2137 thesibust
644 2079 692 2136 ιιι
693 2073 754 2137 ime
777 2072 935 2137 haeresim
958 2072 1195 2154 percellere.⁴⁴⁴)

343 2177 421 2242 Post
407 2178 675 2242 texactissimam
699 2177 848 2242 horumce
868 2175 982 2241 Salesii
1012 2179 1216 2258 scriptorum,
1248 2184 1315 2242 ιιιιι
1329 2174 1380 2241 edi

221 2271 381 2329 'torumt
382 2283 436 2328 um
458 2283 521 2329 non
545 2265 701 2330 editorum
733 2265 976 2344 discussionem,
1010 2263 1040 2331 S
1070 2263 1286 2346 congregatio
1297 2262 1380 2331 admi·

237 2370 313 2417 rans
338 2371 378 2418 ea
399 2353 556 2434 probavit.
562 2353 588 2434 ⁶)

345 2441 495 2521 Spectant
517 2447 573 2504 ιιι
576 2457 625 2504 em
641 2439 703 2502 alia
727 2439 768 2503 ad
787 2439 979 2522 theologiam
1002 2446 1070 2502 tum
1086 2392 1314 2520 dogmaticam,
1334 2444 1387 2504 aa

240 2528 478 2609 apologeticam
503 2533 571 2590 tum
594 2527 776 2604 asceticam,
806 2525 870 2591 alia
893 2527 933 2590 ad
956 2545 1059 2592 mores
1083 2531 1116 2592 et
1138 2527 1180 2591 ad
1204 2526 1387 2610 disciplinam

240 2625 273 2679 et
296 2616 327 2678 ιι
352 2633 388 2679 ιο
404 2614 593 2695 prodierunt
579 2614 718 2678 tordine
739 2633 831 2694 quem
847 2615 1090 2695 expostulabant
1106 2622 1233 2694 tempus
1250 2620 1285 2680 et
1299 2612 1390 2680 Eccle

239 2704 305 2767 siae
328 2703 541 2778 necessitates.
567 2701 700 2781 Scripsit
722 2701 761 2765 de
777 2701 869 2766 Notis
891 2701 1066 2782 Ecclesiae,
1091 2701 1130 2767 de
1147 2701 1294 2767 Primatu
1309 2700 1388 2778 Petri,

240 2790 280 2854 de
303 2789 438 2874 Sanctae
459 2788 620 2854 Romanae
642 2788 805 2854 Ecclesiae
829 2791 1052 2870 sacramentis,
1086 2791 1125 2853 de
1147 2789 1274 2856 Unione
1296 2790 1391 2855 haere·

241 2878 374 2941 ticorum
405 2895 476 2942 cum
499 2876 643 2943 Ecclesia
664 2876 817 2942 Romana.
867 2877 1028 2956 „viretum
1057 2878 1089 2942 in
1111 2875 1332 2943 Eucharistiae
1352 2893 1392 2941 se·

241 2972 436 3029 crementum
459 2966 555 3046 impie
579 2966 808 3030 debachantem
827 2963 1001 3030 confutavit
1016 2965 1178 3046 opusculo,
1204 2966 1255 3030 cui
1278 2964 1393 3031 titulos:

239 3051 471 3117 Meditatc’oaes
493 3055 529 3116 ia
552 3051 733 3135 Symbolum
756 3052 993 3133 Apostolorum.
1017 3053 1168 3134 Ejusdem
1190 3052 1394 3134 blasphemias

238 3141 337 3204 Βιιιιι
368 3141 508 3221 Virginis
541 3142 712 3222 puritatem
741 3144 936 3221 temerantes
966 3147 1034 3205 tum
1065 3159 1119 3204 ore
1147 3142 1305 3221 repressit
1333 3145 1393 3204 tum

238 3226 421 3304 calamo“⁶).
468 3227 589 3292 Contra
611 3232 836 3308 protestantes,
859 3227 890 3294 S.
909 3226 1019 3293 Crucis
1042 3227 1171 3292 latriam
1194 3229 1393 3305 detestantes,

242 3315 404 3394 ,eximiam
455 3316 548 3380 aliam
584 3316 722 3397 scripsit
763 3315 956 3397 apologiam,
999 3317 1049 3379 cui
1085 3315 1199 3380 titulus
1239 3315 1393 3382 Vexillum

345 3577 365 3646 ¹)
384 3577 439 3631 Isa.
458 3577 569 3635 XXXV
643 3577 739 3646 ².)Isa
758 3576 870 3643 XXXV,
889 3580 914 3629 2.

344 3648 524 3715 8ιΡιιιιιιιο,
545 3649 570 3701 S
590 3648 645 3700 Rit.
625 3647 749 3715 t.Oong
771 3647 872 3700 Secret.

343 3721 365 3785 ⁴)
383 3718 473 3784 Bulla,
492 3718 568 3774 Eccl
588 3719 666 3771 Ceth.
686 3715 815 3771 (lenonia.
834 3717 866 3774 Β
884 3714 1034 3770 Francisci

342 3791 366 3848 ⁵)
386 3788 479 3841 Patris
499 3787 532 3841 de
552 3787 678 3855 chaugy,
704 3788 846 3840 causaeS.
867 3787 1005 3840 hrancisci
1027 3795 1167 3868 procurat.
1187 3786 1307 3855 Epist.
1299 3804 1327 3841 ιι
1346 3800 1392 3853 qua

236 3858 349 3941 lagitur:
370 3874 405 3912 on
425 3858 548 3911 ordonna
566 3857 701 3912 l'examen
720 3857 768 3911 des
781 3872 896 3911 oeuvres
916 3855 951 3909 du
970 3857 1106 3910 servitem·
1124 3857 1158 3912 de
1171 3857 1241 3911 Dieu
1259 3856 1299 3926 (S.
1312 3858 1392 3910 Frau-

235 3931 294 3996 cois
313 3929 346 3984 de
366 3928 463 3997 Sales),
483 3927 707 4010 singulierement
726 3927 774 3982 des
787 3928 953 3982 manuscrits
971 3943 1027 3981 non
1046 3943 1146 3982 encore
1160 3927 1309 3994 imprimes,
1328 3941 1391 3981 com·

235 3999 328 4082 pulses
342 4000 411 4053 dans
424 3999 452 4052 la
464 3999 479 4050 5
492 3997 584 4066 partie
597 3998 633 4050 du
649 3997 756 4064 proces,
773 4013 804 4052 ce
818 3999 862 4064 qui
880 4013 984 4064 occupa
996 3998 1085 4052 iucess
1087 4004 1207 4051 eminent
1220 3997 1351 4066 jusqu'au
1364 3997 1391 4050 14

232 4069 292 4138 juin
320 4071 397 4123 1659.
426 4084 479 4136 que
512 4069 539 4120 la
564 4067 662 4121 Secede
692 4068 890 4136 congregation
916 4083 1054 4148 prononca
1076 4083 1143 4121 avec
1165 4066 1349 4137 approbation
1366 4070 1390 4118 et

235 4139 410 4206 admiration,
437 4155 470 4193 en
489 4138 584 4191 faveur
612 4138 659 4191 des
683 4154 797 4192 oeuvres
825 4138 858 4191 de
886 4139 1022 4192 serviteur
1046 4137 1079 4191 de
1098 4136 1176 4204 Dico,
1203 4153 1256 4205 par
1284 4154 1320 4191 un
1337 4134 1388 4190 eros

235 4209 305 4263 beau
324 4211 433 4273 Decret
413 4216 505 4275 tque
525 4208 560 4262 Sa
579 4208 699 4261 Saintete
718 4207 878 4261 confirmat
867 4209 937 4262 trois
953 4208 1032 4275 jours
1050 4207 1139 4276 apres

341 4279 364 4348 ⁴⁵)
383 4280 473 4332 Relat.
494 4295 518 4333 a.
537 4279 569 4332 F.
589 4280 626 4332 hl.
652 4279 779 4333 Phaebeo
802 4277 828 4334 S.
848 4278 905 4332 Rit
930 4278 1065 4346 Congreg.
1089 4285 1183 4333 secret.
1209 4276 1289 4333 adS
1309 4276 1383 4340 (long.

235 4349 313 4405 Garri
333 4357 361 4403 et
380 4349 503 4403 consult.
523 4349 639 4402 directa.
