2872 4874
529 315 569 361 na
590 314 691 362 araus
712 314 902 363 noomrrors.
1259 305 1306 364 73·

134 459 164 519 ot
185 460 354 536 agnoscat,
379 460 475 536 prout
496 455 594 538 hujus
614 473 739 536 qnoque
762 453 894 520 Concilii
924 454 1071 521 Vaticani
1092 455 1206 521 Patres
1229 455 1301 523 Sea·

135 541 218 607 sione
240 543 268 608 Ι.
291 543 461 608 unanimes
492 540 554 608 lide
572 542 683 622 jurata
704 550 869 622 voverunt,
902 550 1068 624 postquam
1091 550 1201 608 nostro
1224 550 1309 609 tem··

136 647 208 712 pore
240 631 368 694 inventi
395 637 469 695 sunt
500 631 599 696 etiam
630 629 778 696 catholici
809 631 864 712 qui
891 629 1055 695 infallibile
1084 632 1301 711 magisterium

136 717 219 783 Petri
243 736 302 782 seu
325 716 490 784 Pontificis
512 718 648 784 Romani
669 718 701 782 in
725 717 855 783 dubium
878 725 1027 783 vocarent
1050 724 1107 782 aut
1128 718 1223 800 plane
1246 738 1302 784 ne·

137 811 247 885 gerent
278 811 314 870 et
343 806 532 888 impugnare
566 805 691 887 publice
723 805 816 870 editis
849 806 976 886 scriptis
1010 811 1170 871 tentarent
1204 812 1301 888 atque

137 893 241 958 taliter
271 891 450 959 Ecclesiam
482 893 580 958 Petra
611 891 684 958 fidei
716 910 813 974 supra
849 912 944 974 quam
978 892 1123 958 fundavit
1154 892 1301 961 Christus

138 980 313 1045 Ecclesiam
335 999 427 1046 suam
448 981 575 1062 privare
598 981 844 1060 comitarentur,
868 1000 919 1046 res
948 980 1055 1045 vitalis
1078 1000 1135 1062 pro
1159 981 1300 1047 Ecclesia

96 1092 98 1133 :
137 1067 255 1133 Christi
284 1075 336 1133 est
367 1074 403 1133 ut
433 1066 606 1134 Concilium
636 1069 697 1134 hoc
727 1067 915 1134 Vaticanum
949 1067 1178 1150 professionem
1210 1088 1300 1135 suam

136 1156 270 1221 Decreto
306 1154 454 1238 Synodali
487 1156 590 1222 denuo
623 1155 778 1222 enunciet.
837 1155 873 1219 ld
904 1163 1012 1220 tamen
1042 1175 1083 1221 ea
1114 1158 1237 1222 ratione
1268 1164 1302 1223 et

135 1242 234 1309 forma
258 1241 325 1322 fiat,
362 1249 398 1307 ut
419 1262 528 1309 omnes
557 1244 673 1309 inimici
696 1243 790 1326 hujus
813 1244 958 1308 veritatis
981 1244 1202 1309 desarmentur
1224 1245 1302 1310 nihil

134 1331 289 1396 habentes
317 1331 401 1412 quod
430 1339 540 1397 contra
568 1331 649 1396 hanc
680 1333 846 1396 veritatem
869 1329 1136 1397 fundamentalem
1158 1332 1303 1414 proferre

133 1420 257 1502 possint
286 1437 390 1500 neque
416 1425 638 1500 praetextuare
669 1419 797 1484 valeant
826 1418 1007 1485 Catholicos
1041 1420 1301 1486 infallibilitatem

134 1505 334 1587 personalem
373 1506 545 1571 humanam
578 1505 724 1573 Pontifici
763 1506 937 1571 attribuere
972 1525 1106 1589 eumque
1145 1507 1306 1587 deificara

135 1612 243 1658 vemm
265 1593 351 1658 hanc
372 1593 629 1660 infallibilitatem
653 1613 722 1660 esse
738 1593 911 1660 officiosam
933 1597 1111 1677 magisterii
1127 1598 1195 1678 ejus
1218 1615 1303 1677 quae

123 1670 156 1745 “a
175 1681 377 1747 revelatione
399 1700 419 1746 a
441 1682 508 1747 Deo
530 1681 649 1748 Sancto
672 1682 768 1748 Petro
790 1682 886 1762 facta
912 1680 1038 1748 Christo
1062 1689 1214 1761 testante,
1238 1702 1302 1749 non

140 1787 209 1834 caro
233 1773 268 1834 et
291 1770 422 1851 sanguis
445 1771 600 1835 revelavit
613 1771 672 1835 tibi
694 1770 752 1835 sed
766 1770 864 1835 Pater
886 1789 975 1835 meus
998 1772 1097 1852 quiin
1122 1771 1218 1836 coelis
1242 1778 1302 1850 est,

143 1856 293 1936 habenta,
318 1864 352 1921 et
373 1876 432 1938 per
452 1858 667 1924 assistentiam
690 1856 809 1923 Christi
832 1865 864 1923 et
887 1857 1023 1939 Spiritus
1039 1857 1148 1923 Sancti
1163 1857 1307 1939 Spiritus¹

148 1945 280 2009 veritatis
303 1945 358 2026 qni
381 1945 474 2010 datus
501 1953 552 2011 est
575 1944 739 2010 Ecclesiae
761 1965 842 2027 quae
864 1965 922 2026 per
944 1944 1049 2026 Caput
1077 1964 1169 2009 suum
1194 1946 1302 2012 Ponti-

157 2028 226 2096 ἵκω
239 2033 420 2097 Romanum
434 2034 606 2097 annunciat
621 2031 715 2097 fidem
731 2039 764 2098 et
779 2039 953 2115 praecepta
967 2033 1094 2112 mundo,
1119 2035 1301 2098 continuata

161 2120 408 2185 etcontinnanda
430 2127 601 2202 estusque
624 2121 665 2185 ad
688 2122 796 2186 mundi
820 2119 922 2184 finem.
963 2122 1113 2201 Haecque
1137 2126 1186 2186 est
1209 2128 1301 2211 petra

157 2201 210 2271 idei
230 2208 402 2272 immobilis
428 2227 486 2289 per
508 2208 764 2274 infallibilitatem
796 2215 829 2273 et
851 2208 922 2273 ideo
945 2209 1143 2287 invincibilia,
1180 2210 1231 2272 cui
1253 2209 1300 2272 in-

153 2294 222 2359 sistit
243 2314 308 2376 qua
330 2295 533 2361 fundamento
568 2298 719 2361 universa
741 2315 893 2378 compago
917 2296 1080 2362 Ecclesiae
1114 2314 1194 2378 quac
1218 2296 1306 2360 dirui

150 2398 201 2445 non
222 2384 323 2464 possit
345 2384 496 2465 quoniam
518 2383 653 2449 fundata
676 2392 726 2450 est
748 2403 847 2466 snpra
869 2382 991 2449 firmam
1013 2383 1087 2450 fidei
1109 2390 1241 2466 petram.

239 2521 392 2588 Formula
422 2542 498 2589 vero
527 2524 657 2589 Decreti
686 2524 781 2608 hujus
811 2524 982 2605 dogmatici
1011 2531 1122 2608 posset
1154 2542 1223 2590 esse
1253 2543 1306 2590 se·-

147 2624 254 2686 quens:

242 2731 398 2810 Quoniam
425 2740 534 2799 nostro
561 2740 705 2816 tempore
735 2732 930 2798 manifestati
959 2740 1033 2799 sunt
1061 2733 1132 2799 falsi
1156 2734 1302 2800 doctores

147 2816 332 2901 decipientes
363 2821 486 2886 animas
519 2822 561 2886 ad
590 2841 660 2886 eam
692 2840 817 2903 quoque
849 2823 1074 2888 auctoritatem
1104 2822 1298 2903 spiritualem

146 2903 331 2974 infallibilem
354 2907 576 2974 infirmandam
604 2929 701 2991 quam
725 2910 878 2977 Dominus
906 2914 938 2973 et
963 2911 1052 2974 Deus
1075 2916 1184 2975 noster
1205 2909 1301 2974 Jesus
1408 2948 1411 2954 -

149 2989 285 3060 Christus
309 2995 456 3061 Salvator
478 2997 585 3062 mundi
614 2999 647 3061 in
670 2997 769 3062 Beato
792 2997 886 3062 Petro
908 2997 1134 3077 Apostolorum
1156 2996 1308 3077 Principe·

148 3081 245 3158 quiin
267 3083 333 3148 suis
357 3087 592 3150 successoribus
615 3085 766 3150 Romms
789 3082 992 3149 Pontificibus
1021 3103 1145 3166 semper
1168 3085 1246 3148 vivit
1268 3091 1301 3148 et

146 3165 287 3244 judicium
310 3177 438 3237 exercet
459 3190 555 3253 super
582 3191 675 3254 quem
705 3191 769 3254 qua
794 3172 917 3236 firmam
946 3171 1021 3236 fidei
1043 3171 1169 3236 Petram
1192 3170 1307 3236 aedifi-⁴

96 3310 98 3335 ÷
149 3256 222 3320 eavit
235 3256 412 3324 Ecclesiam
427 3277 518 3325 suam
533 3279 592 3343 pro
608 3259 770 3325 Ecclesiae
785 3260 948 3341 omnisque
963 3260 1126 3326 societatis
1141 3259 1299 3324 humanae

149 3340 240 3409 salute
262 3345 390 3410 disertis
413 3347 518 3413 verbis
534 3348 680 3426 institnit,
703 3365 801 3428 aqua
816 3366 915 3428 genus
939 3347 1111 3412 humanum
1127 3352 1300 3428 praecepta

149 3427 200 3494 bei
220 3438 252 3496 et
266 3434 418 3499 veritates
433 3435 555 3500 divinas
577 3434 732 3500 infallibili
748 3435 937 3500 certitudine
961 3436 1203 3515 omnitempore
1226 3453 1299 3516 per-

96 3538 98 3597 2
149 3517 241 3598 cipere
263 3523 378 3602 possit:
402 3523 514 3588 Visum
536 3528 586 3588 est
600 3523 731 3605 Spiritui
746 3522 863 3588 Sancto
886 3529 919 3587 et
940 3523 1014 3588 huic
1029 3522 1144 3588 Sancto
1160 3520 1302 3587 Concilio

96 3622 98 3637 ¹
148 3601 218 3670 hanc
238 3609 539 3689 perniciosissimam
567 3611 762 3692 impietatem
791 3609 1030 3675 fundamentum
1053 3609 1216 3676 Ecclesiae
1239 3610 1301 3674 Dei

96 3690 98 3733 l
149 3701 331 3760 evertentem
348 3702 380 3760 et
394 3697 559 3763 infallibile
573 3697 793 3779 Magisterium
808 3697 969 3762 Romanae
985 3698 1146 3764 Ecclesiae
1167 3703 1308 3779 propter·

149 3781 328 3848 residentem
351 3784 384 3848 in
399 3803 437 3850 ea
460 3792 584 3866 petram
601 3783 675 3849 fidei
696 3785 729 3849 in
748 3803 884 3866 persona
900 3787 1090 3852 successoris
1106 3786 1197 3850 Beati
1212 3783 1305 3848 Petri

149 3865 256 3934 Summi
283 3869 445 3938 Pontifieis
472 3878 698 3954 pernegantem
729 3874 879 3938 detestari
900 3879 934 3937 et
957 3873 1138 3939 decernere:
1174 3872 1207 3937 Si
1228 3871 1298 3952 quis

149 3953 250 4023 luerit
271 3957 451 4025 Ecclesiam
473 3960 647 4025 Romanam
677 3979 740 4025 non
768 3978 837 4026 esse
861 3961 997 4025 Matrem
1026 3961 1165 4026 omnium
1189 3957 1300 4024 Eccle-

96 4100 99 4105 .
147 4041 254 4109 surum
287 4052 321 4111 et
344 4046 531 4130 Magistrum
558 4054 654 4129 atoue
677 4067 714 4112 ex
737 4048 899 4114 Cathedra
920 4048 1010 4114 Petri
1031 4049 1174 4113 Romana
1203 4064 1299 4127 posse

149 4126 314 4198 doctrinam
338 4133 561 4200 heterodoxam
592 4137 626 4199 in
656 4138 751 4201 rebus
779 4135 851 4201 fidei
882 4141 915 4201 et
944 4153 1066 4201 momm
1097 4134 1299 4216 pronunciari

147 4223 230 4300 etque
252 4222 374 4288 mundo
395 4223 573 4304 praedicari
594 4242 657 4288 non
679 4225 827 4290 obstante
843 4222 961 4288 Christi
984 4227 1016 4287 et
1038 4221 1175 4302 Spiritus
1190 4218 1307 4286 Sancti.

146 4300 270 4386 Spiritus
291 4311 439 4375 veritatis
467 4311 523 4392 quai
545 4311 639 4376 datus
670 4317 721 4377 eet
742 4310 905 4377 Ecclesiae
935 4310 1085 4375 continua
1107 4314 1203 4389 atque
1226 4327 1300 4391 per-
