2872 4874
227 310 288 371 170
724 290 891 369 resumam

222 460 447 544 impedimenta
470 464 621 527 canonica
644 461 808 543 formaque
832 482 851 527 a
875 461 1016 527 Concilio
1031 462 1216 529 Tridentino
1240 482 1299 543 pro
1324 481 1389 526 ma-

224 553 367 615 trimonio
392 551 607 615 contrahendo
632 551 829 631 praescripta
852 568 910 630 per
932 551 1059 614 easdem
1082 550 1170 632 leges
1194 551 1305 615 civiles
1328 570 1390 615 non

223 638 358 719 amplius
393 646 623 719 agnoscuntur,
656 639 792 719 plurima
823 637 980 702 connubia
1010 638 1126 718 ubique
1160 637 1227 702 fere
1262 643 1390 702 contra-

222 727 349 806 huntur,
374 744 455 807 qnae
480 745 517 790 ex
536 728 608 807 jure
637 727 786 791 canonico
811 725 898 790 nulla
921 732 995 789 sant
1019 725 1187 804 censenda,
1221 733 1255 790 et
1278 727 1390 791 exinde

222 821 354 896 peecata
377 820 471 894 atque
496 815 670 878 anirnarnm
694 814 832 895 pericula
856 820 1005 877 aeternae
1033 813 1145 877 salutis
1168 816 1335 878 innumera
1359 821 1390 879 et

222 903 409 984 gravissima
430 903 627 983 proveniunt.

326 1007 499 1070 Praeterea
530 1007 748 1069 commercium
781 1006 941 1070 hominum
975 1019 1070 1086 atquc
1102 1007 1264 1071 nationum
1295 1008 1387 1071 etiam

141 1140 145 1149 t
222 1096 358 1158 manime
373 1096 456 1158 inter
478 1112 512 1157 se
529 1093 709 1158 dissitarum
726 1112 861 1157 necnon
878 1095 1026 1159 domicilii
1050 1095 1114 1158 sive
1132 1096 1385 1159 commorationis

222 1182 399 1246 immutatio
429 1181 696 1261 frequentissima,
731 1201 812 1262 quae
836 1183 984 1246 moderno
1016 1189 1159 1263 tempore
1183 1184 1301 1263 ubique
1323 1182 1386 1247 lere

221 1270 375 1350 pristinae
404 1268 630 1334 immobilitatis
663 1275 696 1334 et
726 1269 906 1334 stabilitatis
940 1270 1044 1334 locum
1075 1271 1296 1349 obtinuerunt,
1331 1272 1385 1333 im·

222 1358 471 1438 pedimentorum
496 1358 686 1421 matrimonii
710 1358 946 1438 indagationem
971 1357 1062 1422 valde
1081 1356 1239 1422 difficilem
1263 1376 1384 1422 eorum-

222 1464 283 1525 que
317 1445 565 1509 imminutionem
600 1446 734 1508 maxime
768 1443 986 1510 neeessariam
1013 1445 1160 1509 reddunt.
1214 1446 1385 1527 Propterea

220 1533 374 1614 petimus:

327 1623 358 1701 a)
393 1625 429 1683 ut
467 1621 724 1702 impedimentum
769 1621 873 1699 quarti
913 1621 1030 1701 gradus
1071 1621 1382 1702 consangnineitatis,

223 1709 330 1788 quarti
353 1727 428 1772 vero
453 1715 484 1772 et
507 1709 594 1772 tertii
624 1707 790 1772 affinitatis
814 1727 851 1772 ex
875 1708 989 1789 copula
1018 1709 1106 1773 licita
1129 1716 1221 1773 ortae
1243 1727 1303 1772 nec
1327 1727 1383 1770 non

222 1797 419 1876 cognationis
455 1795 629 1876 spiritualis
659 1803 692 1858 et
725 1796 869 1876 publicae
904 1795 1078 1860 honestatis
1113 1815 1150 1861 ex
1185 1796 1384 1877 sponsalibus

220 1884 433 1963 provenientis
463 1891 559 1964 atque
587 1881 750 1947 affinitatis
783 1902 822 1947 en
845 1885 957 1964 copula
989 1883 1100 1948 illicita
1129 1884 1217 1948 ultra
1253 1885 1384 1964 primurn

221 1971 356 2052 gradum
387 1978 420 2034 et
442 1973 580 2035 criminis
608 1990 645 2034 ex
669 1971 735 2035 solo
771 1971 926 2035 adulterio
957 1972 1075 2050 absque
1100 1973 1306 2053 conjugicidio
1335 1972 1382 2054 vel

221 2061 318 2139 ipsius
343 2059 575 2123 machinatione
597 2060 787 2139 proveniens
810 2062 1000 2142 abrogetur3

327 2166 359 2240 b)
393 2170 430 2227 ut
464 2164 630 2246 Episcopis
663 2165 855 2229 concedatur
888 2164 1024 2229 facultas
1055 2165 1260 2244 dispensandi
1294 2183 1382 2246 super

219 2253 321 2332 gradu
354 2253 448 2316 tertio
484 2261 517 2317 et
555 2257 669 2332 quarto
708 2254 805 2316 mixto
844 2253 980 2317 secundo
1015 2254 1320 2332 consanguineitatis
1352 2257 1379 2316 et

222 2338 400 2416 affinitatis3

328 2427 356 2499 cl
390 2432 426 2490 ut
461 2427 651 2506 dispensatio
683 2429 748 2491 sive
781 2428 915 2492 incultas
947 2428 1151 2507 dispensandi
1185 2447 1204 2491 a
1236 2425 1269 2494 S.
1306 2426 1399 2491 Sede

220 2513 403 2595 apostolica
437 2515 596 2595 impertita
630 2533 692 2578 nou
724 2515 857 2595 amplius
887 2535 943 2597 per
973 2515 1117 2595 copulam
1148 2516 1307 2580 reticitam
1335 2512 1385 2578 vel

220 2607 381 2684 patratam
405 2601 455 2666 vel
479 2604 625 2665 iteratam
649 2610 721 2682 post
749 2604 861 2666 missas
885 2621 994 2682 preces
1023 2609 1177 2683 tanquam
1201 2603 1291 2667 nulla
1313 2603 1383 2667 red·

220 2690 287 2753 dita
310 2689 474 2767 habeatur,
499 2691 572 2770 quia
595 2690 704 2753 exinde
727 2692 910 2772 saepissime
927 2692 1129 2756 matrimonia
1153 2691 1387 2755 contrahuntur

219 2776 368 2841 invalida.
424 2775 503 2840 Cum
531 2777 681 2842 Oratores
716 2777 797 2842 falsa
819 2779 1010 2843 verecundia
1040 2779 1163 2843 seducti
1199 2785 1256 2842 aut
1272 2796 1383 2861 ,novas

220 2863 422 2929 difficultates
457 2867 603 2930 timentes
638 2884 747 2929 verum
783 2868 992 2932 conscientiae
1026 2873 1145 2930 statum
1184 2885 1245 2930 non
1282 2867 1383 2930 mani·

219 2951 344 3033 lestent,
368 2954 503 3017 maxime
520 2955 756 3018 disiderandum
780 2963 836 3032 est,
862 2961 897 3018 ut
913 2956 1130 3036 nupturientes
1154 2973 1216 3018 non
1233 2960 1395 3033 cogantur·

220 3058 257 3104 ea
280 3039 492 3120 manifestare,
518 3060 598 3121 quae
621 3042 662 3105 ad
685 3044 844 3122 propriam
868 3043 1096 3123 turpitudinem
1120 3049 1277 3122 spectant.

326 3146 358 3227 ll)
382 3146 515 3223 Petitur,
540 3154 576 3210 ut
600 3146 737 3211 conditio
761 3165 817 3209 seu
850 3147 1007 3226 obligatio,
1039 3147 1172 3210 alteram
1196 3152 1323 3227 partem
1348 3145 1389 3207 de

220 3234 411 3298 matrimonii
432 3235 578 3298 nullitate
609 3236 776 3317 certiorem
799 3235 960 3311 reddendi,
993 3253 1073 3314 quae
1097 3233 1305 3298 facultatibus
1329 3250 1395 3314 pro-

220 3321 411 3385 matrimonii
434 3323 659 3387 revalidatione
678 3323 865 3387 necessariis
889 3324 1005 3403 apponi
1021 3322 1111 3400 solet,
1136 3323 1168 3386 in
1190 3323 1231 3384 iis
1248 3321 1389 3394 casibus,

219 3409 252 3472 in
276 3409 389 3488 quibus
414 3429 509 3473 causa
539 3410 695 3474 nullitatis
719 3410 842 3474 occulta
866 3416 915 3473 est
950 3415 982 3473 et
1004 3409 1096 3473 alteri
1120 3410 1205 3490 parti
1229 3407 1393 3478 notificari

221 3514 283 3560 non
305 3503 412 3578 potest
443 3499 508 3561 siue
533 3498 693 3574 scandalo,
726 3497 776 3561 vel
800 3496 1006 3575 modificetur,
1034 3498 1083 3561 vel
1107 3497 1325 3577 permittatur,
1350 3502 1395 3559 ut

219 3585 383 3649 renovatio
408 3603 578 3650 consensus
602 3585 843 3649 matrimonialis
868 3585 1083 3649 conditionata
1100 3604 1136 3648 eo
1161 3585 1263 3664 modo,
1290 3602 1395 3664 quern

221 3673 450 3736 commendavit
480 3673 670 3736 Benedictus
700 3673 783 3738 XIV.
808 3673 894 3754 Papa
917 3672 969 3737 iel.
994 3673 1159 3750 recordat,
1177 3671 1246 3736 lieri
1272 3673 1405 3752 possit,

219 3760 294 3840 quia
325 3759 404 3823 alias
428 3761 632 3842 gravissimae
665 3778 790 3842 semper
813 3759 1016 3825 difficultates
1051 3761 1223 3824 obveniunt
1255 3760 1289 3823 in
1313 3777 1396 3823 exer

219 3847 345 3928 quenda
368 3846 549 3930 hujusmodi
571 3847 733 3913 facultate.

325 3955 356 4036 e)
380 3954 510 4033 Petitur,
535 3962 571 4017 ut
593 3952 760 4036 Episcopis
782 3950 986 4032 facultatum,
1011 3953 1125 4033 quibus
1149 3953 1297 4033 gaudent,
1323 3952 1396 4016 dis-

220 4041 372 4122 pensandi
402 4061 498 4123 super
522 4042 710 4105 matrimonii
741 4040 980 4121 impedimentis,
1004 4059 1080 4105 usus
1113 4041 1159 4105 ita
1183 4040 1397 4108 concedatur,

219 4135 375 4210 quatenus
400 4131 657 4195 concurrentibus
688 4146 810 4210 qnoque
834 4128 978 4209 pluribus
1010 4128 1244 4208 impedimentis
1273 4127 1396 4192 iisdem

220 4216 287 4289 siue
310 4217 405 4282 dubio
427 4218 514 4283 licite
538 4236 575 4282 ac
598 4216 702 4281 valide
725 4218 773 4279 uti
796 4218 927 4298 possint.

325 4321 350 4400 l)
374 4323 511 4402 Petitur,
542 4329 577 4386 ut
599 4324 630 4386 in
653 4319 852 4385 verificandis
879 4320 1149 4401 dispensationum
1173 4304 1297 4399 motivis
1320 4331 1391 4384 non
