2872 4874
561 305 601 351 ns
623 304 805 353 miserruma.
1199 292 1266 354 173

116 445 231 509 rationis
245 441 392 510 beneficii
414 445 518 510 curati
534 444 690 527 legitimas
707 449 926 510 assumantur:
949 445 1081 526 simplex
1095 443 1267 511 fornicatio

116 532 230 612 notoria,
254 530 482 599 concubinatus
505 532 700 610 manifestus
725 531 864 597 ebrietas
886 551 945 598 nec
967 550 1030 598 non
1052 532 1260 614 prodigalitas

116 620 318 702 inmrrigibilis
341 625 437 701 atque
460 620 655 685 scandalosa.
690 619 815 685 Pariter
838 621 983 702 petimus,
1007 625 1044 685 ut
1058 621 1263 701 permittatur

116 706 265 773 translatio
292 706 424 789 parochi
451 725 513 771 non
543 707 723 773 voluntarla
757 706 807 772 vel
839 707 977 773 dimissio
1006 726 1076 773 oum
1110 709 1266 789 pensione

116 812 244 876 congrua,
269 797 393 876 quoties
421 814 478 878 per
501 796 692 861 sententiam
720 796 786 860 sive
815 813 873 876 per
900 802 975 860 vota
997 795 1260 861 Examinatorum

116 882 354 965 prosynodahum
392 883 583 962 constiterit,
623 883 759 948 cundem
797 883 839 948 ad
874 884 1048 966 regendam
1077 883 1262 965 parochiam

118 988 165 1034 non
184 970 318 1053 amphus
341 988 411 1037 esse
433 970 592 1037 idoneum.

659 1180 699 1244 X.

204 1321 339 1402 Propter
364 1321 519 1386 immensa
548 1319 703 1402 pericula,
735 1338 815 1400 quae
838 1338 896 1400 per
925 1326 1044 1385 sectam
1066 1326 1264 1387 moratorum
1343 1379 1345 1390 .

124 1405 269 1472 liberorum
291 1415 509 1490 nuncupatam
533 1408 673 1489 aliasque
696 1409 867 1472 societates
890 1415 1031 1472 secretas
1054 1409 1192 1489 quotidie
1215 1410 1264 1474 rei

142 1493 297 1561 histianae
320 1502 485 1577 parantur,
517 1497 607 1560 enixe
629 1497 780 1577 petimus,
813 1500 849 1559 ut
881 1494 913 1560 S.
938 1493 1108 1561 Concilium
1133 1496 1262 1562 decreta

127 1589 209 1648 contra
241 1583 396 1665 ejusmodi
424 1584 593 1649 societates
624 1585 691 1666 jam
722 1582 845 1664 pridem
875 1582 1078 1664 promulgata
1106 1603 1264 1650 renovare

127 1687 165 1733 nec
182 1688 239 1736 non
263 1669 432 1737 efficaciori
453 1671 547 1736 modo
571 1677 681 1736 contra
705 1671 833 1736 easdem
855 1671 1028 1751 procedere
1052 1671 1210 1754 dignetur.

204 1757 326 1825 Motiva
363 1778 486 1825 necnon
519 1758 674 1840 speciales
711 1759 954 1840 postulationes,
993 1777 1075 1839 quae
1106 1760 1148 1824 ad
1179 1760 1267 1824 hanc

132 1844 283 1923 petitionem
314 1849 489 1928 pertinent,
520 1847 553 1910 in
581 1846 688 1910 libello
720 1847 845 1929 adjecto
872 1847 931 1911 suh
954 1845 1061 1911 titulo:
1101 1847 1190 1925 ,Qua
1211 1849 1262 1912 via

135 1927 242 1999 Iulcsia
265 1942 379 2000 contra
395 1936 564 2000 societates
585 1938 725 1998 secretas
746 1934 919 2015 procedere
938 1932 1045 1998 valeat
1061 1939 1140 2000 etc.“
1163 1937 1265 2000 satius

139 2026 304 2114 ltponuntur.
348 2023 496 2101 Petimus,
519 2028 555 2087 ut
579 2040 616 2086 ex
639 2022 771 2121 aQ‘ectis
796 2021 1027 2103 exemplaribus
1050 2040 1147 2085 unum
1162 2021 1265 2086 Sanc-

138 2106 217 2174 tamo
249 2109 353 2188 Patri,
384 2115 454 2176 octo
478 2109 744 2174 Eminentissnnis
774 2107 805 2176 S.
838 2107 968 2175 Concilii
998 2109 1200 2175 Praesidibus
1229 2116 1261 2174 et

133 2186 282 2347 fferrettariis
306 2198 523 2278 exhibeantur,
549 2204 737 2278 caeteraque
760 2198 842 2263 inter
865 2197 1006 2279 singulos
1021 2197 1133 2263 Patres
1157 2197 1264 2262 distri-

146 2296 187 2345 ran
200 2303 245 2348 ur.

205 2423 323 2489 Romae
345 2423 430 2490 VIII.
454 2423 597 2490 Januarii
621 2430 715 2493 1870.

575 2666 785 2675 ..-.----.---

574 2677 785 2687 *a—

507 2874 540 2958 3.
580 2873 849 2957 Postumus

237 3031 556 3098 lnosmmscom
577 3032 632 3096 sn
655 3029 952 3098 nrrsooroanm
974 3032 1127 3100 sunan.

482 3207 555 3272 Emi
579 3227 615 3274 ac
638 3209 710 3273 Rriri
733 3207 873 3273 Domini!

204 3328 374 3394 Concilium
398 3330 616 3395 TridentInum
647 3350 703 3412 pro
726 3330 948 3395 reformatione
978 3332 1090 3396 statuit
1117 3350 1263 3415 eaquae

116 3405 238 3481 *tacuere
262 3423 388 3498 poterat
417 3424 540 3482 attenta
569 3426 747 3501 temporum
777 3420 980 3496 necessitate
1015 3426 1204 3485 narrantem
1230 3424 1258 3486 ei

116 3481 205 3566 latum
228 3504 288 3569 fuit
311 3504 443 3569 meliora
466 3511 498 3569 et
521 3505 707 3586 perfectiora
729 3507 956 3587 praescribere.

200 3591 349 3674 Episcopi
373 3600 478 3657 autem
501 3593 603 3674 Belgii
626 3594 754 3659 decreta
778 3593 989 3675 discipliuaria
1003 3592 1178 3658 Tridentini
1201 3595 1262 3659 ad·

116 3674 226 3752 sslplere
251 3681 357 3746 connati
379 3686 454 3744 sunt
477 3688 517 3760 et,
534 3681 600 3745 Deo
624 3680 839 3761 benedIcente,
863 3680 1019 3761 quaedam
1042 3680 1083 3745 ad
1105 3682 1258 3764 majorem

116 3761 323 3833 *aristatonem
342 3769 435 3851 juxta
457 3768 635 3832 Tridentini
657 3774 793 3833 mentem
817 3768 1042 3849 perduxerunt.
1082 3768 1162 3831 Hinc
1185 3788 1257 3850 per·

116 3851 261 3920 Bctionem
283 3856 446 3920 inductam
474 3863 507 3920 et
525 3857 594 3938 jam
616 3875 675 3921 usu
698 3855 854 3920 firmatam
877 3874 1061 3921 consecrare
1084 3856 1256 3938 cupientes,

116 3937 208 4006 *etum
231 3944 360 4008 decreta
377 3943 508 4009 Concilii
531 3945 678 4009 Vaticani
700 3945 745 4008 ita
762 3944 924 4025 conscribi,
948 3949 984 4007 ut
1006 3942 1084 4007 haec
1105 3943 1258 4023 perfectio

116 4030 160 4086 on
180 4031 382 4113 impediatur,
418 4032 480 4095 imo
509 4038 545 4096 ut
568 4032 718 4097 nonnulla
749 4032 971 4096 universaliter
999 4029 1258 4096 commendentur

119 4117 399 4200 Ppraecipiantnr,
431 4125 468 4182 ut
489 4118 629 4184 breviter
659 4121 691 4183 in
716 4121 927 4201 sequentibus
956 4117 1076 4200 judicia
1099 4117 1256 4183 Ecclesia·

116 4187 345 4361 {libamem}
375 4225 411 4270 ac
435 4207 504 4287 pias
538 4207 705 4272 nonnullas
735 4205 1003 4289 congregationes
1031 4206 1261 4288 spectantibus,

176 4310 205 4357 m
221 4314 267 4358 ur.
