2872 4874
640 327 808 375 rosmoda

531 502 566 584 9.
608 496 912 584 rosemanus

88 684 90 689 ’
158 659 287 726 UNIUS
309 658 494 724 concinni
516 659 662 724 PATRIS
686 662 743 725 Al)
773 658 1016 724 PRlVlLEGlA
1039 659 1094 723 ET
1117 660 1250 724 EXEMP

519 763 670 831 'HONES
694 763 916 830 SPEGTANS.

239 939 489 1006 Eminentissimi
512 959 549 1004 ac
572 939 839 1004 Reverendissimi
862 939 930 1005 DD.
955 937 1141 1003 Cardinales
1165 947 1196 1002 et

505 1027 769 1092 Reverendissimi
795 1026 926 1092 Patres!

240 1167 411 1249 Privilegia
432 1173 470 1232 et
487 1168 709 1248 exemptiones,
733 1168 781 1231 uti
804 1167 955 1232 observat
975 1166 1194 1232 Tridentinnm
1216 1165 1250 1232 cr

129 1254 241 1320 cilium
266 1254 362 1339 (Sess.
386 1255 497 1320 XXIV.
521 1275 588 1336 cap.
612 1255 665 1319 lll.
689 1254 728 1333 de
750 1253 1241 1338 Reformat.),perturbationem

136 1341 365 1425 Episcoporum
384 1343 601 1425 jurisdictione
625 1343 781 1422 excitant,
815 1348 848 1406 et
871 1343 1024 1423 exemptis
1054 1343 1140 1406 vitae
1171 1342 1250 1407 laxio

133 1431 333 1495 occasionem
367 1433 530 1512 praebent.
576 1430 645 1494 Hoc
679 1437 798 1508 antem,
833 1436 918 1495 teste
949 1430 1157 1511 experientia,
1192 1448 1250 1496 ever

135 1524 202 1582 tum
226 1519 264 1583 de
287 1519 418 1600 singulis
443 1519 596 1599 exemptis
619 1517 727 1598 quiin
749 1518 855 1598 aliqua
878 1517 1033 1598 dignitate
1053 1517 1218 1582 const‘tuti
1239 1536 1250 1580 s

135 1606 301 1687 privilegia
315 1625 475 1687 nunquam
487 1607 635 1688 jactitare
647 1606 804 1683 desinunt,
822 1605 1031 1686 providusque
1043 1604 1195 1687 Episcopi
1205 1624 1250 1670 cm

134 1694 362 1775 parvipendere
386 1714 424 1759 ac
446 1695 578 1759 unitatis
600 1693 727 1757 vincula
749 1692 920 1774 infringere
942 1712 1006 1757 non
1028 1703 1197 1772 verentur3
1229 1699 1250 1756 tr

133 1781 230 1846 etiam
261 1782 299 1847 de
328 1782 485 1847 Praelatis
515 1781 731 1848 saecularibus
763 1781 818 1863 qui
848 1782 1045 1845 territorium
1078 1800 1142 1844 non
1170 1781 1250 1844 habe

135 1868 191 1933 sed
212 1878 364 1951 praesunt
387 1876 473 1935 certo
497 1869 606 1950 generi
620 1887 826 1949 personarum
849 1887 930 1949 quae
952 1877 1026 1932 sunt
1048 1869 1174 1932 cuidam
1189 1867 1250 1934 Ecc

135 1956 200 2023 siae
232 1957 394 2037 addictae,
427 1965 461 2021 et
491 1958 563 2020 dnm
592 1960 626 2020 in
657 1958 801 2021 Dioecesi
828 1962 1056 2022 commorantes
1087 1957 1250 2021 sacerdota

135 2045 241 2109 munia
270 2046 358 2111 obire
390 2063 540 2126 suamque
569 2064 699 2126 operam
728 2042 922 2107 infidelium
951 2044 1150 2109 commodum
1180 2062 1250 2108 nava

135 2132 246 2212 solent,
270 2133 468 2214 avigilantia
491 2142 524 2196 et
546 2133 740 2197 correctione
756 2132 905 2212 Episcopi
927 2151 961 2196 se
976 2133 1102 2196 omnino
1119 2132 1250 2197 subduco

135 2229 298 2301 conantur,
332 2219 548 2302 confugientes
574 2230 736 2301 tamquam
766 2220 807 2283 ad
833 2219 955 2301 asylum
982 2220 1040 2284 sub
1067 2219 1136 2283 alas
1172 2225 1250 2300 pron

132 2309 227 2373 tionis
249 2309 463 2390 praelatorum
495 2326 635 2384 suorum,
669 2308 723 2387 qui
746 2307 932 2388 plerumque
963 2325 1073 2370 eorum
1103 2313 1213 2387 partes
1242 2323 1250 2370 t

134 2414 260 2461 sumere
282 2402 315 2458 et
337 2402 448 2460 contra
469 2394 661 2476 Episcopum
684 2401 770 2458 stare
793 2396 924 2474 audent,
949 2414 1013 2459 non
1035 2396 1184 2460 timentes
1206 2411 1250 2459 sca

134 2483 207 2548 dala
230 2489 262 2548 et
294 2482 471 2565 spiritualia
501 2484 616 2546 damna
645 2501 726 2562 quae
756 2483 830 2547 inde
856 2484 1055 2563 proveniunt.
1105 2481 1178 2547 Uno
1201 2489 1250 2546 vei

134 2569 316 2652 hujusmodi
338 2571 554 2651 exemptiones
570 2569 705 2650 amplius
728 2589 790 2634 non
813 2578 895 2649 sunt,
919 2589 958 2634 ex
980 2570 1142 2634 hominum
1167 2569 1250 2634 malit

133 2659 195 2723 nisi
217 2657 400 2722 occasiones
416 2657 610 2722 collisionum
630 2664 663 2722 et
677 2658 948 2738 perturbationum
972 2676 1055 2739 quae
1070 2658 1164 2722 valde
1181 2658 1250 2722 obst

135 2744 296 2810 Ecclesiae
318 2744 400 2810 bono
424 2754 456 2811 et
479 2746 655 2810 animarum
680 2745 788 2823 saluti,
824 2764 861 2809 ac
887 2746 1021 2827 proinde
1044 2752 1250 2829 opportunor

135 2833 237 2897 medio
261 2831 324 2897 illis
347 2840 396 2897 est
417 2834 653 2915 providendum.
766 2860 769 2874 ·

238 2921 366 3000 Romae,
389 2940 433 2985 ex·
450 2920 608 2988 Coenobin
632 2921 664 2986 S.
687 2920 846 2985 Francisci
869 2921 911 2984 ad
932 2920 1045 3001 Ripam
1067 2921 1190 2986 Tiberis
1225 2969 1227 2973 -

450 3009 512 3074 hac
535 3009 585 3074 die
610 3014 662 3073 27.
686 3009 867 3074 Decembris
894 3014 988 3073 1869.

610 3213 822 3220 *ww-..-

610 3225 821 3233 m

408 3368 410 3375 ’
518 3373 572 3455 10.
607 3371 912 3455 Posnnnlrun
1006 3441 1008 3445 .

134 3546 457 3615 ARCHIEPISCOPI
484 3547 780 3627 messanensis
805 3548 1127 3614 PRAELATURAM
1153 3549 1250 3616 Aac}

135 3653 430 3719 MANDRlTATUS
456 3653 727 3719 MONASTERIO
759 3654 814 3720 SS.
838 3654 1096 3719 SALVATORIS
1126 3655 1250 3724 ORDIl

252 3760 281 3826 S.
304 3758 457 3824 BASILII
479 3758 703 3826 MESSANAE
732 3759 943 3825 ADNEXAM
964 3758 1181 3826 ATTINENS.

292 3915 541 3983 Eminentissimi
564 3917 698 3995 Domini,
722 3918 835 3983 Patres
857 3917 1136 3983 Reverendissimi!

239 4056 417 4122 Nonnullae
449 4065 559 4122 extant
581 4059 740 4139 DioceseS,
771 4077 852 4138 quae
875 4059 960 4124 intra
983 4057 1119 4123 aliarum
1142 4060 1250 4124 ambio

132 4144 344 4225 eontinentur,
376 4151 408 4208 et
440 4146 499 4208 bae
526 4146 691 4226 Episcopis
727 4149 783 4209 aut
811 4146 987 4211 Abbatibns
1015 4144 1206 4226 Ordinariis,
1242 4167 1250 4212 a

134 4229 216 4295 alius
238 4232 373 4297 nominis
396 4232 552 4296 Praelatis
575 4232 801 4314 gubernandae
825 4233 1033 4298 concreditae.
1080 4233 1250 4300 Dubitandr

133 4317 219 4383 haud
241 4327 290 4383 est
312 4338 423 4400 graves
452 4318 549 4385 fuisse
571 4321 612 4385 ab
639 4320 729 4384 initio
752 4321 903 4400 rationes,
935 4327 970 4398 ut
999 4319 1180 4401 hujusmodi
1201 4322 1250 4403 pri
