2872 4874
35 295 37 299 ⁴
136 304 198 365 184
273 330 276 339 .
624 318 792 366 msrunmu

240 457 275 522 B.
304 455 349 522 Ut
371 457 631 537 impedimentum
660 459 767 539 quarti
788 458 907 540 gradus
934 477 991 522 seu
1007 461 1272 540 consanguinitatis

37 597 44 603 .
135 561 192 608 seu
212 544 385 622 affinitatis,
409 544 494 625 quod
516 545 549 607 in
571 551 663 608 tanta
683 545 846 610 hominnm
869 546 1090 611 commixtione
1108 545 1273 629 frequentis·

134 632 248 695 simum
271 638 329 711 est,
355 641 387 695 et
410 650 505 712 saepe
529 650 549 695 a
572 632 832 697 contrahentibus
855 635 931 714 ipsis
947 635 1126 715 ignoratur,
1146 643 1200 700 ant
1218 654 1274 703 sero

135 729 168 783 et
202 717 332 785 fortuito
362 718 623 801 deprehenditur,
660 721 744 784 unde
772 719 809 784 fit
841 728 877 785 ut
899 739 1048 787 recursus
1081 722 1123 787 ad
1144 721 1274 788 Sanctam

56 878 62 898 ι
134 805 248 871 Sedem
278 808 358 871 adeo
387 806 643 888 multiplicentur,
675 814 711 871 ut
739 826 834 888 saepe
867 809 1061 889 impossibile
1085 811 1126 873 sit
1149 810 1274 875 seandala

134 894 292 977 impediri,
332 913 413 976 quae
446 913 485 958 cx
518 894 579 958 hac
613 896 809 960 cunctatione
840 899 916 960 oriri
939 906 1086 977 possunt,
1122 907 1154 961 et
1184 916 1274 979 reapse

133 983 293 1061 oriuntur,
324 981 592 1064 impedimentum,
615 984 752 1063 inquam,
776 983 864 1062 illud,
890 984 1090 1063 auctoritate,
1114 1004 1176 1065 qua
1197 986 1274 1068 pollet

133 1069 287 1149 Ecclesia,
312 1069 455 1137 emedio
477 1087 606 1152 prorsus
630 1070 771 1139 tollatur

240 1156 275 1221 C
309 1156 355 1222 Ut
387 1159 646 1240 impedimentum
681 1177 718 1222 ex
753 1159 867 1240 copula
901 1158 1013 1223 illicita
1043 1167 1181 1226 coarctet
1183 1156 1274 1249 nrpd
1315 1184 1320 1257 ¹}

134 1247 269 1327 primum
291 1245 435 1327 gradum.
1318 1280 1320 1285 ,

239 1334 277 1399 D
308 1335 452 1415 Denique
468 1341 505 1398 ut
519 1334 746 1415 impedimenta
762 1352 778 1397 e
796 1335 984 1416 cognatione
1000 1336 1076 1415 spiri
1068 1334 1166 1412 tuah,
1183 1335 1273 1414 quibus

134 1421 251 1502 passim
274 1421 435 1501 plurimit
436 1441 542 1486 emere
557 1421 729 1503 illigantur,
752 1422 806 1502 qui
821 1424 964 1504 patrinos
983 1429 1093 1504 agunt,
1109 1423 1274 1504 praesertin

134 1509 167 1572 in
189 1508 460 1573 administratione
483 1508 747 1587 Confirmationis,
772 1510 846 1589 quin
870 1517 991 1588 postea,
1015 1528 1112 1590 quum
1135 1528 1209 1590 opus
1229 1516 1273 1585 est,

134 1596 265 1678 hujusce
286 1597 444 1678 ligaminis
467 1599 626 1662 reminisci
648 1597 785 1676 valeant,
809 1598 1005 1662 aboleantur.

239 1684 279 1750 ΙΙ.
315 1684 358 1748 Et
391 1687 540 1766 quoniam
574 1684 725 1749 facilitate
758 1686 964 1749 contrahendi
1002 1684 1165 1766 sponsalia
1201 1700 1275 1764 saepe

135 1772 261 1851 saepius
285 1773 411 1852 quidam
443 1773 628 1852 abutuntur,
657 1791 694 1836 ex
718 1791 779 1853 quo
803 1772 839 1836 lit
872 1781 908 1836 ut
930 1773 1066 1854 plurima
1096 1771 1275 1836 matrimonia

134 1858 225 1922 irrita
247 1861 391 1940 evadant,
415 1861 486 1926 ideo
502 1861 675 1941 postulant,
700 1868 736 1924 ut
758 1860 1016 1941 impedimentum
1031 1861 1178 1940 publicae
1199 1861 1276 1924 hone-

135 1949 228 2011 statis
259 1966 296 2011 ex
330 1949 530 2029 sponsalibus
559 1948 662 2013 locum
690 1967 754 2012 non
776 1948 909 2025 habeat,
945 1948 1067 2012 nisiex
1094 1947 1275 2020 solemnibus,

134 2033 220 2098 initis
242 2035 361 2101 scilicet
384 2056 441 2118 per
468 2037 681 2119 syngrapham
702 2046 760 2101 aut
783 2054 889 2100 coram
913 2036 1049 2116 parocho
1072 2037 1140 2100 sine
1163 2035 1274 2100 testibus

135 2131 192 2186 aut
223 2141 330 2187 coram
357 2125 481 2188 notario
512 2134 545 2188 et
575 2124 721 2189 testibus.
776 2123 862 2200 Quae
893 2123 1087 2187 conditiones
1118 2124 1214 2187 etiam
1231 2137 1271 2202 pro

125 2211 357 2291 impedimento
370 2211 563 2292 sponsalium
575 2211 767 2292 impediente
780 2211 899 2292 requiri
910 2211 1057 2275 debeant.
1074 2210 1180 2274 Possit
1190 2217 1269 2274 auten

134 2297 321 2380 Episcopus,
340 2301 394 2363 ubi
418 2301 501 2364 adsit
524 2307 653 2362 mutuus
677 2318 847 2364 consensus
870 2317 928 2379 pro
951 2297 1146 2378 sponsalium
1166 2294 1271 2362 dissolu·

135 2388 230 2464 tione,
255 2386 437 2467 dispensare
467 2389 507 2452 ab
530 2387 764 2466 impedimento,
796 2388 880 2467 quod
903 2385 1109 2450 nihilominus
1134 2385 1274 2467 perdurat

240 2474 296 2538 III.
332 2473 479 2538 Potestas
495 2492 620 2554 quoque
642 2472 698 2538 fiat
712 2474 878 2555 Episcopis
894 2472 1096 2554 dispensandi
1115 2472 1278 2537 sacerdotes

136 2561 296 2640 chorales,
331 2562 385 2641 qui
406 2563 583 2625 inserviunt
612 2562 713 2625 eisin
744 2563 927 2626 uisitatione
957 2560 1122 2640 pastorali,
1158 2562 1278 2639 itemquo

135 2649 386 2727 ExaminatoreS,
410 2650 485 2713 dum
508 2658 583 2714 sunt
604 2647 763 2728 incilicia,
787 2650 865 2713 adeo
889 2657 933 2727 ut,
957 2650 997 2712 ad
1021 2646 1170 2714 effectum
1192 2643 1278 2712 distri

135 2736 301 2801 butionum
324 2736 505 2816 choralium,
529 2737 661 2819 perinde
684 2757 721 2802 ac
744 2748 926 2819 praesentes
950 2737 1137 2801 habeantur.
1273 2745 1276 2751 '

240 2821 293 2886 IV.
328 2821 508 2906 Congrnum
531 2843 655 2906 quoque
669 2826 770 2889 visum
795 2832 844 2889 est
865 2832 902 2888 ut
917 2825 1020 2904 quoad
1042 2819 1279 2891 sanctimoniales

135 2911 288 2976 foeminas
317 2913 492 2979 concedant
479 2921 533 2977 tur
566 2913 731 2993 Episcopis
765 2913 894 2977 latiores
929 2910 1115 2989 facultates,
1151 2911 1223 2992 quia
1249 2903 1278 2970 dt

136 3001 289 3081 quasdam
313 3002 544 3079 restrictiones,
581 3002 809 3081 quaeratione
841 3006 1022 3080 temporum
1052 3001 1159 3064 iactae
1180 3003 1279 3062 sunta

83 3111 85 3114 ·
136 3086 272 3151 Summis
296 3087 378 3152 Pont
379 3087 545 3153 ificibus
525 3108 564 3153 ns
589 3089 857 3170 dispositionibus,
882 3106 963 3167 quae
979 3087 1168 3151 habentur
1160 3106 1193 3149 ιιι
1214 3082 1280 3148 Con·

136 3175 208 3240 cilio
231 3174 429 3257 Tridentino,
463 3196 526 3241 non
548 3195 622 3241 raro
653 3177 786 3255 contigit
815 3182 850 3239 ut
871 3174 997 3238 iidem
990 3194 1022 3238 m
1046 3193 1148 3254 angus
1150 3175 1218 3238 tiis
1223 3185 1280 3234 con-

136 3263 286 3328 scientiae
308 3264 441 3329 moleste
463 3274 640 3329 versentur

242 3351 279 3417 V.
313 3352 352 3416 ln
384 3353 546 3417 Breviorio
581 3359 638 3416 aut
639 3371 689 3416 em
723 3369 793 3415 eam
822 3348 1017 3414 solummodo
1050 3349 1281 3430 recognitionem

136 3445 353 3520 petuntque
376 3441 574 3520 castigentur
596 3459 634 3504 ea
656 3444 780 3504 tantum
803 3437 886 3516 loca,
918 3454 1000 3516 quae
1022 3435 1159 3501 fortasse
1182 3432 1284 3499 absunt

136 3546 156 3591 a
189 3527 298 3592 critica
324 3527 486 3607 historica,
522 3536 554 3591 et
583 3526 730 3591 Homiliis
762 3525 892 3590 Petrum
926 3524 959 3586 in
985 3524 1173 3604 quibusdam
1208 3514 1284 3585 festis

136 3615 318 3681 selectiores
341 3616 542 3695 aptioresque
564 3614 779 3689 sufficientum
802 3613 970 3695 praecipue
990 3618 1096 3675 autem
1120 3610 1236 3676 vellent
1255 3608 1286 3666 ¹1

136 3702 226 3768 Psalt
212 3704 327 3767 terium
350 3702 537 3789 Davidicum
556 3722 593 3766 eo
616 3702 725 3766 ordine
749 3662 921 3801 digeratur,
945 3717 1006 3778 quo
1022 3699 1141 3779 pluries
1164 3705 1287 3794 quotan-

136 3791 186 3854 nis
216 3791 345 3854 recitari
380 3791 427 3853 int
428 3778 504 3890 egre
537 3791 653 3872 possit,
685 3808 782 3869 quum
811 3790 844 3852 in
873 3788 1127 3869 praesentiarum
1161 3784 1289 3849 mauult

136 3877 333 3942 Psalmorum
365 3895 441 3958 pers
472 3879 524 3940 vix
556 3887 613 3941 aut
636 3896 675 3940 ne
703 3877 755 3940 vix
777 3875 935 3956 quidem
928 3893 960 3936 m
994 3871 1106 3939 officiis
1130 3865 1290 3938 pruneriis

136 3972 289 4031 recurrat

243 4052 295 4117 VI.
330 4053 378 4117 Ne
393 4058 423 4119 st
409 4053 543 4118 tudiosis
558 4052 708 4115 scientiae
724 4051 893 4115 canonicae
915 4050 978 4112 iter
994 4049 1086 4112 nimis
1103 4047 1295 4113 salebrosum

136 4141 354 4222 peragendum
377 4141 428 4220 sit,
453 4142 493 4204 ob
516 4139 631 4205 molem
655 4157 766 4203 earum
788 4137 894 4219 legum
916 4155 996 4216 quae
1014 4135 1081 4216 J'am
1106 4136 1294 4200 obsolevere,

137 4234 264 4308 petunt.
283 4235 321 4293 ut
343 4226 465 4309 Corpus
499 4227 586 4292 duris
614 4226 758 4291 canonici
791 4243 886 4306 quam
919 4222 1157 4304 diligentissime
1187 4227 1304 4292 recog<-

137 4321 294 4381 noscatur.
