<?xml version="1.0" encoding="UTF-8"?>
<!DOCTYPE html PUBLIC "-//W3C//DTD XHTML 1.0 Transitional//EN"
    "http://www.w3.org/TR/xhtml1/DTD/xhtml1-transitional.dtd">
<html xmlns="http://www.w3.org/1999/xhtml" xml:lang="en" lang="en">
 <head>
  <title>
</title>
<meta http-equiv="Content-Type" content="text/html;charset=utf-8" />
  <meta name='ocr-system' content='tesseract 3.04.00' />
  <meta name='ocr-capabilities' content='ocr_page ocr_carea ocr_par ocr_line ocrx_word'/>
</head>
<body>
  <div class='ocr_page' id='page_1' title='image "./omniumconciliiv00martgoog_0068.png"; bbox 0 0 2872 4874; ppageno 0'>
   <div class='ocr_carea' id='block_1_1' title="bbox 436 1181 815 1255">
    <p class='ocr_par' dir='ltr' id='par_1_1' title="bbox 436 1181 815 1255">
     <span class='ocr_line' id='line_1_1' title="bbox 436 1181 815 1255; baseline -0.011 0"><span class='ocrx_word' id='word_1_1' title='bbox 436 1182 600 1255; x_wconf 83' lang='lat' dir='ltr'>SECTIC</span> <span class='ocrx_word' id='word_1_2' title='bbox 629 1181 815 1252; x_wconf 82' lang='lat' dir='ltr'><strong>TERTIA.</strong></span> 
     </span>
    </p>
   </div>
   <div class='ocr_carea' id='block_1_2' title="bbox 74 1349 1213 1608">
    <p class='ocr_par' dir='ltr' id='par_1_2' title="bbox 74 1349 1213 1608">
     <span class='ocr_line' id='line_1_2' title="bbox 74 1349 1213 1495; baseline -0.003 -43"><span class='ocrx_word' id='word_1_3' title='bbox 74 1351 466 1468; x_wconf 72' lang='lat' dir='ltr'>PCS&#39;l&#39;UerTd,</span> <span class='ocrx_word' id='word_1_4' title='bbox 504 1349 682 1484; x_wconf 74' lang='lat' dir='ltr'>QUAE</span> <span class='ocrx_word' id='word_1_5' title='bbox 715 1349 1094 1495; x_wconf 75' lang='lat' dir='ltr'>PERTINENT</span> <span class='ocrx_word' id='word_1_6' title='bbox 1124 1350 1213 1449; x_wconf 82' lang='grc' dir='ltr'>ΑΙ)</span> 
     </span>
     <span class='ocr_line' id='line_1_3' title="bbox 326 1505 930 1608; baseline -0.003 -2"><span class='ocrx_word' id='word_1_7' title='bbox 326 1509 452 1608; x_wconf 83' lang='lat' dir='ltr'>RES</span> <span class='ocrx_word' id='word_1_8' title='bbox 486 1505 930 1608; x_wconf 76' lang='lat' dir='ltr'>BOGNANICAS.</span> 
     </span>
    </p>
   </div>
   <div class='ocr_carea' id='block_1_3' title="bbox 359 1840 897 2066">
    <p class='ocr_par' dir='ltr' id='par_1_3' title="bbox 359 1840 897 2066">
     <span class='ocr_line' id='line_1_4' title="bbox 449 1840 812 1926; baseline -0.003 -2"><span class='ocrx_word' id='word_1_9' title='bbox 449 1842 478 1924; x_wconf 91' lang='lat'>1.</span> <span class='ocrx_word' id='word_1_10' title='bbox 505 1840 812 1926; x_wconf 80' lang='lat' dir='ltr'>Pdsllllnlllll</span> 
     </span>
     <span class='ocr_line' id='line_1_5' title="bbox 359 1996 897 2066; baseline 0.006 -4"><span class='ocrx_word' id='word_1_11' title='bbox 359 1996 527 2064; x_wconf 82' lang='lat' dir='ltr'>conrnn</span> <span class='ocrx_word' id='word_1_12' title='bbox 551 1996 897 2066; x_wconf 84' lang='lat' dir='ltr'>onnonomsrmn.</span> 
     </span>
    </p>
   </div>
   <div class='ocr_carea' id='block_1_4' title="bbox 66 2155 1214 2414">
    <p class='ocr_par' dir='ltr' id='par_1_4' title="bbox 66 2155 1214 2414">
     <span class='ocr_line' id='line_1_6' title="bbox 149 2155 1213 2239; baseline 0.002 -17"><span class='ocrx_word' id='word_1_13' title='bbox 149 2158 186 2222; x_wconf 96' lang='lat' dir='ltr'>ln</span> <span class='ocrx_word' id='word_1_14' title='bbox 211 2175 252 2222; x_wconf 89' lang='lat' dir='ltr'>eo</span> <span class='ocrx_word' id='word_1_15' title='bbox 274 2155 430 2236; x_wconf 76' lang='lat' dir='ltr'>sessione,</span> <span class='ocrx_word' id='word_1_16' title='bbox 454 2157 487 2221; x_wconf 92' lang='lat' dir='ltr'>in</span> <span class='ocrx_word' id='word_1_17' title='bbox 510 2174 574 2238; x_wconf 87' lang='lat' dir='ltr'>qua</span> <span class='ocrx_word' id='word_1_18' title='bbox 597 2176 700 2223; x_wconf 92' lang='lat' dir='ltr'>sermo</span> <span class='ocrx_word' id='word_1_19' title='bbox 717 2157 845 2221; x_wconf 85' lang='lat' dir='ltr'>habitus</span> <span class='ocrx_word' id='word_1_20' title='bbox 861 2161 911 2221; x_wconf 91' lang='lat' dir='ltr'>est</span> <span class='ocrx_word' id='word_1_21' title='bbox 931 2157 972 2221; x_wconf 90' lang='lat' dir='ltr'>de</span> <span class='ocrx_word' id='word_1_22' title='bbox 990 2155 1213 2239; x_wconf 76' lang='lat' dir='ltr'>Ontolopismo,</span> 
     </span>
     <span class='ocr_line' id='line_1_7' title="bbox 71 2240 1214 2326; baseline 0.005 -22"><span class='ocrx_word' id='word_1_23' title='bbox 71 2240 341 2309; x_wconf 79' lang='lat' dir='ltr'>Excellentissimos</span> <span class='ocrx_word' id='word_1_24' title='bbox 376 2251 409 2309; x_wconf 91' lang='lat' dir='ltr'>et</span> <span class='ocrx_word' id='word_1_25' title='bbox 438 2244 730 2310; x_wconf 85' lang='lat' dir='ltr'>Reverendissimus</span> <span class='ocrx_word' id='word_1_26' title='bbox 762 2244 881 2310; x_wconf 87' lang='lat' dir='ltr'>Gasser</span> <span class='ocrx_word' id='word_1_27' title='bbox 908 2243 1084 2326; x_wconf 82' lang='lat' dir='ltr'>Episcopus</span> <span class='ocrx_word' id='word_1_28' title='bbox 1111 2246 1214 2310; x_wconf 83' lang='lat' dir='ltr'>Brixi-</span> 
     </span>
     <span class='ocr_line' id='line_1_8' title="bbox 66 2330 1213 2414; baseline 0.003 -19"><span class='ocrx_word' id='word_1_29' title='bbox 66 2333 150 2396; x_wconf 85' lang='lat' dir='ltr'>ncnsis</span> <span class='ocrx_word' id='word_1_30' title='bbox 165 2333 295 2397; x_wconf 89' lang='lat' dir='ltr'>nomine</span> <span class='ocrx_word' id='word_1_31' title='bbox 310 2330 575 2414; x_wconf 83' lang='lat' dir='ltr'>Congregationis</span> <span class='ocrx_word' id='word_1_32' title='bbox 591 2334 685 2397; x_wconf 89' lang='lat' dir='ltr'>rebus</span> <span class='ocrx_word' id='word_1_33' title='bbox 701 2333 789 2397; x_wconf 89' lang='lat' dir='ltr'>Fidei</span> <span class='ocrx_word' id='word_1_34' title='bbox 806 2334 1008 2414; x_wconf 81' lang='lat' dir='ltr'>praepositae</span> <span class='ocrx_word' id='word_1_35' title='bbox 1024 2332 1213 2414; x_wconf 83' lang='lat' dir='ltr'>affirmabat,</span> 
     </span>
    </p>
   </div>
   <div class='ocr_carea' id='block_1_5' title="bbox 27 2419 1215 4343">
    <p class='ocr_par' dir='ltr' id='par_1_5' title="bbox 62 2419 1214 2677">
     <span class='ocr_line' id='line_1_9' title="bbox 65 2419 1214 2502; baseline 0.004 -20"><span class='ocrx_word' id='word_1_36' title='bbox 65 2421 265 2498; x_wconf 83' lang='lat' dir='ltr'>quaestionem</span> <span class='ocrx_word' id='word_1_37' title='bbox 289 2419 376 2484; x_wconf 90' lang='lat' dir='ltr'>illam</span> <span class='ocrx_word' id='word_1_38' title='bbox 400 2439 463 2484; x_wconf 94' lang='lat' dir='ltr'>non</span> <span class='ocrx_word' id='word_1_39' title='bbox 487 2439 555 2484; x_wconf 84' lang='lat' dir='ltr'>esse</span> <span class='ocrx_word' id='word_1_40' title='bbox 579 2439 616 2485; x_wconf 92' lang='lat' dir='ltr'>eo</span> <span class='ocrx_word' id='word_1_41' title='bbox 640 2421 708 2485; x_wconf 91' lang='lat' dir='ltr'>loco</span> <span class='ocrx_word' id='word_1_42' title='bbox 731 2420 845 2485; x_wconf 89' lang='lat' dir='ltr'>leviter</span> <span class='ocrx_word' id='word_1_43' title='bbox 868 2429 901 2485; x_wconf 87' lang='lat' dir='ltr'>et</span> <span class='ocrx_word' id='word_1_44' title='bbox 930 2420 1143 2502; x_wconf 82' lang='lat' dir='ltr'>perfunctorie</span> <span class='ocrx_word' id='word_1_45' title='bbox 1165 2429 1214 2487; x_wconf 91' lang='lat' dir='ltr'>at-</span> 
     </span>
     <span class='ocr_line' id='line_1_10' title="bbox 63 2506 1214 2591; baseline 0.005 -22"><span class='ocrx_word' id='word_1_46' title='bbox 63 2506 246 2588; x_wconf 83' lang='lat' dir='ltr'>tingendam,</span> <span class='ocrx_word' id='word_1_47' title='bbox 270 2507 327 2571; x_wconf 88' lang='lat' dir='ltr'>sed</span> <span class='ocrx_word' id='word_1_48' title='bbox 354 2507 430 2573; x_wconf 88' lang='lat' dir='ltr'>olibi</span> <span class='ocrx_word' id='word_1_49' title='bbox 456 2509 663 2589; x_wconf 90' lang='lat' dir='ltr'>opportunius</span> <span class='ocrx_word' id='word_1_50' title='bbox 685 2509 725 2573; x_wconf 89' lang='lat' dir='ltr'>de</span> <span class='ocrx_word' id='word_1_51' title='bbox 747 2526 787 2572; x_wconf 91' lang='lat' dir='ltr'>ea</span> <span class='ocrx_word' id='word_1_52' title='bbox 810 2509 979 2591; x_wconf 84' lang='lat' dir='ltr'>agendum,</span> <span class='ocrx_word' id='word_1_53' title='bbox 1012 2515 1048 2574; x_wconf 89' lang='lat' dir='ltr'>nt</span> <span class='ocrx_word' id='word_1_54' title='bbox 1070 2515 1140 2574; x_wconf 89' lang='lat' dir='ltr'>tota</span> <span class='ocrx_word' id='word_1_55' title='bbox 1161 2529 1214 2576; x_wconf 90' lang='lat' dir='ltr'>res</span> 
     </span>
     <span class='ocr_line' id='line_1_11' title="bbox 62 2594 580 2677; baseline 0.004 -20"><span class='ocrx_word' id='word_1_56' title='bbox 62 2594 160 2658; x_wconf 89' lang='lat' dir='ltr'>nelins</span> <span class='ocrx_word' id='word_1_57' title='bbox 182 2600 217 2659; x_wconf 88' lang='lat' dir='ltr'>et</span> <span class='ocrx_word' id='word_1_58' title='bbox 237 2594 363 2677; x_wconf 85' lang='lat' dir='ltr'>plenius</span> <span class='ocrx_word' id='word_1_59' title='bbox 387 2595 580 2660; x_wconf 89' lang='lat' dir='ltr'>definiretur.</span> 
     </span>
    </p>

    <p class='ocr_par' dir='ltr' id='par_1_6' title="bbox 27 2682 1215 3202">
     <span class='ocr_line' id='line_1_12' title="bbox 152 2682 1215 2767; baseline 0.004 -21"><span class='ocrx_word' id='word_1_60' title='bbox 152 2682 234 2746; x_wconf 87' lang='lat' dir='ltr'>Huic</span> <span class='ocrx_word' id='word_1_61' title='bbox 257 2682 467 2747; x_wconf 81' lang='lat' dir='ltr'>declarationi</span> <span class='ocrx_word' id='word_1_62' title='bbox 489 2683 691 2747; x_wconf 88' lang='lat' dir='ltr'>inhaerentes</span> <span class='ocrx_word' id='word_1_63' title='bbox 718 2682 910 2767; x_wconf 83' lang='lat' dir='ltr'>infrascripti</span> <span class='ocrx_word' id='word_1_64' title='bbox 933 2682 1115 2749; x_wconf 78' lang='lat' dir='ltr'>cardinales</span> <span class='ocrx_word' id='word_1_65' title='bbox 1139 2685 1215 2767; x_wconf 91' lang='lat' dir='ltr'>Epi·</span> 
     </span>
     <span class='ocr_line' id='line_1_13' title="bbox 60 2770 1215 2854; baseline 0.007 -24"><span class='ocrx_word' id='word_1_66' title='bbox 60 2770 145 2850; x_wconf 88' lang='lat' dir='ltr'>scopi,</span> <span class='ocrx_word' id='word_1_67' title='bbox 161 2788 202 2834; x_wconf 89' lang='lat' dir='ltr'>ne</span> <span class='ocrx_word' id='word_1_68' title='bbox 218 2772 435 2836; x_wconf 87' lang='lat' dir='ltr'>controversia</span> <span class='ocrx_word' id='word_1_69' title='bbox 449 2770 542 2834; x_wconf 91' lang='lat' dir='ltr'>nimis</span> <span class='ocrx_word' id='word_1_70' title='bbox 557 2771 624 2835; x_wconf 86' lang='lat' dir='ltr'>late</span> <span class='ocrx_word' id='word_1_71' title='bbox 639 2775 758 2854; x_wconf 88' lang='lat' dir='ltr'>pateat,</span> <span class='ocrx_word' id='word_1_72' title='bbox 772 2772 985 2836; x_wconf 89' lang='lat' dir='ltr'>damnandam</span> <span class='ocrx_word' id='word_1_73' title='bbox 1001 2779 1215 2854; x_wconf 89' lang='lat' dir='ltr'>proponerent</span> 
     </span>
     <span class='ocr_line' id='line_1_14' title="bbox 59 2855 1215 2940; baseline 0.006 -21"><span class='ocrx_word' id='word_1_74' title='bbox 59 2855 133 2920; x_wconf 89' lang='lat' dir='ltr'>illam</span> <span class='ocrx_word' id='word_1_75' title='bbox 162 2857 327 2922; x_wconf 83' lang='lat' dir='ltr'>dumtaxat</span> <span class='ocrx_word' id='word_1_76' title='bbox 356 2857 566 2939; x_wconf 84' lang='lat' dir='ltr'>Ontologismi</span> <span class='ocrx_word' id='word_1_77' title='bbox 597 2859 747 2939; x_wconf 79' lang='lat' dir='ltr'>formam,</span> <span class='ocrx_word' id='word_1_78' title='bbox 783 2877 865 2940; x_wconf 89' lang='lat' dir='ltr'>quae</span> <span class='ocrx_word' id='word_1_79' title='bbox 894 2864 1006 2940; x_wconf 88' lang='lat' dir='ltr'>aperte</span> <span class='ocrx_word' id='word_1_80' title='bbox 1037 2861 1215 2926; x_wconf 88' lang='lat' dir='ltr'>catholicae</span> 
     </span>
     <span class='ocr_line' id='line_1_15' title="bbox 27 2943 1214 3027; baseline 0.005 -20"><span class='ocrx_word' id='word_1_81' title='bbox 27 2955 29 2958; x_wconf 84' lang='grc'><strong><em>·</em></strong></span> <span class='ocrx_word' id='word_1_82' title='bbox 59 2943 213 3010; x_wconf 89' lang='lat' dir='ltr'>doetrinae</span> <span class='ocrx_word' id='word_1_83' title='bbox 242 2947 425 3027; x_wconf 88' lang='lat' dir='ltr'>opponitur,</span> <span class='ocrx_word' id='word_1_84' title='bbox 464 2952 496 3010; x_wconf 88' lang='lat' dir='ltr'>et</span> <span class='ocrx_word' id='word_1_85' title='bbox 524 2945 764 3011; x_wconf 87' lang='lat' dir='ltr'>fundamentum</span> <span class='ocrx_word' id='word_1_86' title='bbox 794 2952 844 3010; x_wconf 91' lang='lat' dir='ltr'>est</span> <span class='ocrx_word' id='word_1_87' title='bbox 869 2947 1041 3011; x_wconf 88' lang='lat' dir='ltr'>multorum</span> <span class='ocrx_word' id='word_1_88' title='bbox 1071 2965 1214 3013; x_wconf 91' lang='lat' dir='ltr'>errorum</span> 
     </span>
     <span class='ocr_line' id='line_1_16' title="bbox 58 3032 1214 3116; baseline 0.004 -21"><span class='ocrx_word' id='word_1_89' title='bbox 58 3033 105 3111; x_wconf 88' lang='lat' dir='ltr'>qui</span> <span class='ocrx_word' id='word_1_90' title='bbox 125 3051 207 3097; x_wconf 92' lang='lat' dir='ltr'>nunc</span> <span class='ocrx_word' id='word_1_91' title='bbox 229 3032 294 3099; x_wconf 88' lang='lat' dir='ltr'>late</span> <span class='ocrx_word' id='word_1_92' title='bbox 316 3034 481 3115; x_wconf 86' lang='lat' dir='ltr'>pervagati</span> <span class='ocrx_word' id='word_1_93' title='bbox 504 3039 591 3098; x_wconf 89' lang='lat' dir='ltr'>sunt:</span> <span class='ocrx_word' id='word_1_94' title='bbox 616 3040 648 3098; x_wconf 90' lang='lat' dir='ltr'>et</span> <span class='ocrx_word' id='word_1_95' title='bbox 665 3036 845 3100; x_wconf 90' lang='lat' dir='ltr'>continetur</span> <span class='ocrx_word' id='word_1_96' title='bbox 855 3034 888 3097; x_wconf 96' lang='lat' dir='ltr'>in</span> <span class='ocrx_word' id='word_1_97' title='bbox 911 3034 967 3098; x_wconf 87' lang='lat' dir='ltr'>illa</span> <span class='ocrx_word' id='word_1_98' title='bbox 982 3037 1214 3116; x_wconf 88' lang='lat' dir='ltr'>propositione:</span> 
     </span>
     <span class='ocr_line' id='line_1_17' title="bbox 60 3118 1121 3202; baseline 0.005 -20"><span class='ocrx_word' id='word_1_99' title='bbox 60 3118 232 3196; x_wconf 89' lang='lat' dir='ltr'>,Naturalis</span> <span class='ocrx_word' id='word_1_100' title='bbox 255 3126 304 3186; x_wconf 88' lang='lat' dir='ltr'>est</span> <span class='ocrx_word' id='word_1_101' title='bbox 326 3121 444 3185; x_wconf 90' lang='lat' dir='ltr'>homini</span> <span class='ocrx_word' id='word_1_102' title='bbox 468 3122 605 3202; x_wconf 84' lang='lat' dir='ltr'>cognitio</span> <span class='ocrx_word' id='word_1_103' title='bbox 629 3122 688 3186; x_wconf 88' lang='lat' dir='ltr'>Dei</span> <span class='ocrx_word' id='word_1_104' title='bbox 711 3122 832 3188; x_wconf 89' lang='lat' dir='ltr'>directa</span> <span class='ocrx_word' id='word_1_105' title='bbox 854 3127 889 3186; x_wconf 88' lang='lat' dir='ltr'>et</span> <span class='ocrx_word' id='word_1_106' title='bbox 910 3122 1121 3187; x_wconf 82' lang='lat' dir='ltr'>immediata.“</span> 
     </span>
    </p>

    <p class='ocr_par' dir='ltr' id='par_1_7' title="bbox 48 3206 1215 4343">
     <span class='ocr_line' id='line_1_18' title="bbox 154 3206 1215 3290; baseline 0.006 -20"><span class='ocrx_word' id='word_1_107' title='bbox 154 3206 203 3271; x_wconf 84' lang='lat' dir='ltr'>Ex</span> <span class='ocrx_word' id='word_1_108' title='bbox 217 3207 281 3273; x_wconf 86' lang='lat' dir='ltr'>alia</span> <span class='ocrx_word' id='word_1_109' title='bbox 294 3214 386 3289; x_wconf 90' lang='lat' dir='ltr'>parte</span> <span class='ocrx_word' id='word_1_110' title='bbox 400 3225 464 3273; x_wconf 91' lang='lat' dir='ltr'>nen</span> <span class='ocrx_word' id='word_1_111' title='bbox 475 3209 602 3273; x_wconf 81' lang='lat' dir='ltr'>videtur</span> <span class='ocrx_word' id='word_1_112' title='bbox 617 3209 775 3290; x_wconf 84' lang='lat' dir='ltr'>expedire,</span> <span class='ocrx_word' id='word_1_113' title='bbox 788 3214 823 3273; x_wconf 92' lang='lat' dir='ltr'>nt</span> <span class='ocrx_word' id='word_1_114' title='bbox 838 3206 1009 3274; x_wconf 79' lang='lat' dir='ltr'>Concilium</span> <span class='ocrx_word' id='word_1_115' title='bbox 1024 3211 1215 3276; x_wconf 88' lang='lat' dir='ltr'>Vaticanum</span> 
     </span>
     <span class='ocr_line' id='line_1_19' title="bbox 54 3295 1215 3378; baseline 0.005 -20"><span class='ocrx_word' id='word_1_116' title='bbox 54 3296 173 3374; x_wconf 88' lang='lat' dir='ltr'>penitus</span> <span class='ocrx_word' id='word_1_117' title='bbox 197 3296 237 3360; x_wconf 91' lang='lat' dir='ltr'>de</span> <span class='ocrx_word' id='word_1_118' title='bbox 260 3296 477 3378; x_wconf 88' lang='lat' dir='ltr'>Ontologismo</span> <span class='ocrx_word' id='word_1_119' title='bbox 505 3296 608 3361; x_wconf 87' lang='lat' dir='ltr'>sileat.</span> <span class='ocrx_word' id='word_1_120' title='bbox 653 3295 702 3360; x_wconf 85' lang='lat' dir='ltr'>Ex</span> <span class='ocrx_word' id='word_1_121' title='bbox 734 3297 794 3362; x_wconf 93' lang='lat' dir='ltr'>hoc</span> <span class='ocrx_word' id='word_1_122' title='bbox 822 3298 906 3361; x_wconf 91' lang='lat' dir='ltr'>enim</span> <span class='ocrx_word' id='word_1_123' title='bbox 936 3297 1061 3362; x_wconf 88' lang='lat' dir='ltr'>silentio</span> <span class='ocrx_word' id='word_1_124' title='bbox 1085 3298 1215 3364; x_wconf 87' lang='lat' dir='ltr'>Ontolo·</span> 
     </span>
     <span class='ocr_line' id='line_1_20' title="bbox 54 3381 1214 3463; baseline 0.003 -18"><span class='ocrx_word' id='word_1_125' title='bbox 54 3381 149 3459; x_wconf 79' lang='lat' dir='ltr'>gistae</span> <span class='ocrx_word' id='word_1_126' title='bbox 173 3384 282 3448; x_wconf 85' lang='lat' dir='ltr'>statim</span> <span class='ocrx_word' id='word_1_127' title='bbox 305 3386 388 3448; x_wconf 87' lang='lat' dir='ltr'>viras</span> <span class='ocrx_word' id='word_1_128' title='bbox 410 3389 617 3463; x_wconf 88' lang='lat' dir='ltr'>resumerent,</span> <span class='ocrx_word' id='word_1_129' title='bbox 642 3401 715 3449; x_wconf 87' lang='lat' dir='ltr'>suos</span> <span class='ocrx_word' id='word_1_130' title='bbox 730 3385 962 3449; x_wconf 86' lang='lat' dir='ltr'>controversias</span> <span class='ocrx_word' id='word_1_131' title='bbox 983 3390 1214 3463; x_wconf 89' lang='lat' dir='ltr'>restaurarent,</span> 
     </span>
     <span class='ocr_line' id='line_1_21' title="bbox 54 3468 1214 3556; baseline 0.005 -25"><span class='ocrx_word' id='word_1_132' title='bbox 54 3468 118 3550; x_wconf 84' lang='lat' dir='ltr'>ipsa</span> <span class='ocrx_word' id='word_1_133' title='bbox 147 3469 310 3536; x_wconf 88' lang='lat' dir='ltr'>Romanae</span> <span class='ocrx_word' id='word_1_134' title='bbox 334 3470 595 3552; x_wconf 84' lang='lat' dir='ltr'>Congregationis</span> <span class='ocrx_word' id='word_1_135' title='bbox 625 3489 778 3553; x_wconf 87' lang='lat' dir='ltr'>responsa</span> <span class='ocrx_word' id='word_1_136' title='bbox 810 3477 864 3551; x_wconf 84' lang='lat'>(18</span> <span class='ocrx_word' id='word_1_137' title='bbox 888 3473 1082 3554; x_wconf 85' lang='lat' dir='ltr'>Septembris</span> <span class='ocrx_word' id='word_1_138' title='bbox 1115 3474 1214 3556; x_wconf 83' lang='lat'>1861)</span> 
     </span>
     <span class='ocr_line' id='line_1_22' title="bbox 52 3556 1213 3639; baseline 0.004 -20"><span class='ocrx_word' id='word_1_139' title='bbox 52 3556 260 3639; x_wconf 85' lang='lat' dir='ltr'>infirmarent,</span> <span class='ocrx_word' id='word_1_140' title='bbox 292 3565 327 3624; x_wconf 91' lang='lat' dir='ltr'>et</span> <span class='ocrx_word' id='word_1_141' title='bbox 358 3559 431 3623; x_wconf 90' lang='lat' dir='ltr'>huic</span> <span class='ocrx_word' id='word_1_142' title='bbox 455 3558 529 3624; x_wconf 91' lang='lat' dir='ltr'>Sedi</span> <span class='ocrx_word' id='word_1_143' title='bbox 555 3561 668 3625; x_wconf 83' lang='lat' dir='ltr'>turbas</span> <span class='ocrx_word' id='word_1_144' title='bbox 691 3564 724 3625; x_wconf 91' lang='lat' dir='ltr'>et</span> <span class='ocrx_word' id='word_1_145' title='bbox 745 3559 909 3624; x_wconf 87' lang='lat' dir='ltr'>molestias</span> <span class='ocrx_word' id='word_1_146' title='bbox 933 3570 1088 3626; x_wconf 86' lang='lat' dir='ltr'>crearent.</span> <span class='ocrx_word' id='word_1_147' title='bbox 1133 3559 1213 3624; x_wconf 92' lang='lat' dir='ltr'>Cum</span> 
     </span>
     <span class='ocr_line' id='line_1_23' title="bbox 52 3645 1213 3729; baseline 0.002 -21"><span class='ocrx_word' id='word_1_148' title='bbox 52 3663 121 3710; x_wconf 83' lang='lat' dir='ltr'>vero</span> <span class='ocrx_word' id='word_1_149' title='bbox 143 3645 175 3710; x_wconf 86' lang='lat' dir='ltr'>S.</span> <span class='ocrx_word' id='word_1_150' title='bbox 198 3647 236 3711; x_wconf 86' lang='grc'>11.</span> <span class='ocrx_word' id='word_1_151' title='bbox 258 3645 299 3713; x_wconf 86' lang='lat' dir='ltr'>U.</span> <span class='ocrx_word' id='word_1_152' title='bbox 323 3647 539 3727; x_wconf 87' lang='lat' dir='ltr'>Inquisitionis</span> <span class='ocrx_word' id='word_1_153' title='bbox 566 3646 779 3729; x_wconf 76' lang='lat' dir='ltr'>congregatio</span> <span class='ocrx_word' id='word_1_154' title='bbox 811 3652 866 3726; x_wconf 89' lang='grc'>(18</span> <span class='ocrx_word' id='word_1_155' title='bbox 894 3646 1089 3729; x_wconf 86' lang='lat' dir='ltr'>Septembris</span> <span class='ocrx_word' id='word_1_156' title='bbox 1115 3649 1213 3726; x_wconf 91' lang='grc'>1861)</span> 
     </span>
     <span class='ocr_line' id='line_1_24' title="bbox 53 3731 1215 3815; baseline 0.004 -20"><span class='ocrx_word' id='word_1_157' title='bbox 53 3731 180 3797; x_wconf 90' lang='lat' dir='ltr'>allatam</span> <span class='ocrx_word' id='word_1_158' title='bbox 202 3735 448 3815; x_wconf 90' lang='lat' dir='ltr'>propositionem</span> <span class='ocrx_word' id='word_1_159' title='bbox 471 3739 542 3799; x_wconf 91' lang='lat' dir='ltr'>tuto</span> <span class='ocrx_word' id='word_1_160' title='bbox 564 3735 650 3800; x_wconf 88' lang='lat' dir='ltr'>tradi</span> <span class='ocrx_word' id='word_1_161' title='bbox 671 3752 734 3800; x_wconf 92' lang='lat' dir='ltr'>non</span> <span class='ocrx_word' id='word_1_162' title='bbox 756 3752 850 3815; x_wconf 89' lang='lat' dir='ltr'>posse</span> <span class='ocrx_word' id='word_1_163' title='bbox 866 3736 1051 3814; x_wconf 90' lang='lat' dir='ltr'>decreverit,</span> <span class='ocrx_word' id='word_1_164' title='bbox 1075 3734 1215 3800; x_wconf 90' lang='lat' dir='ltr'>etmulti</span> 
     </span>
     <span class='ocr_line' id='line_1_25' title="bbox 51 3817 1215 3904; baseline 0.005 -22"><span class='ocrx_word' id='word_1_165' title='bbox 51 3817 196 3903; x_wconf 88' lang='lat' dir='ltr'>Episcopi</span> <span class='ocrx_word' id='word_1_166' title='bbox 218 3823 418 3903; x_wconf 84' lang='lat' dir='ltr'>(praesertim</span> <span class='ocrx_word' id='word_1_167' title='bbox 442 3821 644 3902; x_wconf 87' lang='lat' dir='ltr'>Neapolitani</span> <span class='ocrx_word' id='word_1_168' title='bbox 673 3824 706 3886; x_wconf 90' lang='lat' dir='ltr'>in</span> <span class='ocrx_word' id='word_1_169' title='bbox 736 3841 794 3887; x_wconf 92' lang='lat' dir='ltr'>sua</span> <span class='ocrx_word' id='word_1_170' title='bbox 821 3823 956 3904; x_wconf 89' lang='lat' dir='ltr'>epistola</span> <span class='ocrx_word' id='word_1_171' title='bbox 985 3823 1150 3889; x_wconf 87' lang='lat' dir='ltr'>collectiva</span> <span class='ocrx_word' id='word_1_172' title='bbox 1172 3823 1215 3888; x_wconf 90' lang='lat' dir='ltr'>ad</span> 
     </span>
     <span class='ocr_line' id='line_1_26' title="bbox 52 3903 1214 3992; baseline 0.004 -22"><span class='ocrx_word' id='word_1_173' title='bbox 52 3903 175 3972; x_wconf 81' lang='lat' dir='ltr'>Clarum</span> <span class='ocrx_word' id='word_1_174' title='bbox 199 3908 393 3973; x_wconf 87' lang='lat' dir='ltr'>saecularem</span> <span class='ocrx_word' id='word_1_175' title='bbox 417 3915 450 3974; x_wconf 90' lang='lat' dir='ltr'>et</span> <span class='ocrx_word' id='word_1_176' title='bbox 464 3909 643 3991; x_wconf 85' lang='lat' dir='ltr'>regularem</span> <span class='ocrx_word' id='word_1_177' title='bbox 660 3910 715 3991; x_wconf 79' lang='lat'>(28</span> <span class='ocrx_word' id='word_1_178' title='bbox 738 3910 827 3974; x_wconf 86' lang='lat' dir='ltr'>Junii</span> <span class='ocrx_word' id='word_1_179' title='bbox 844 3913 943 3992; x_wconf 83' lang='grc'>1862)</span> <span class='ocrx_word' id='word_1_180' title='bbox 959 3910 1214 3992; x_wconf 87' lang='lat' dir='ltr'>Ontologismum</span> 
     </span>
     <span class='ocr_line' id='line_1_27' title="bbox 51 3995 1214 4080; baseline 0.003 -21"><span class='ocrx_word' id='word_1_181' title='bbox 51 3997 187 4075; x_wconf 83' lang='lat' dir='ltr'>graviter</span> <span class='ocrx_word' id='word_1_182' title='bbox 210 3996 487 4076; x_wconf 82' lang='lat' dir='ltr'>reprehenderint3</span> <span class='ocrx_word' id='word_1_183' title='bbox 516 3996 635 4063; x_wconf 87' lang='lat' dir='ltr'>Christi</span> <span class='ocrx_word' id='word_1_184' title='bbox 657 3995 766 4063; x_wconf 87' lang='lat' dir='ltr'>fideles</span> <span class='ocrx_word' id='word_1_185' title='bbox 788 3997 883 4080; x_wconf 87' lang='lat' dir='ltr'>hujus</span> <span class='ocrx_word' id='word_1_186' title='bbox 906 3998 1118 4064; x_wconf 86' lang='lat' dir='ltr'>damnationis</span> <span class='ocrx_word' id='word_1_187' title='bbox 1141 4016 1214 4063; x_wconf 91' lang='lat' dir='ltr'>con·</span> 
     </span>
     <span class='ocr_line' id='line_1_28' title="bbox 50 4080 1215 4167; baseline 0.003 -21"><span class='ocrx_word' id='word_1_188' title='bbox 50 4080 259 4148; x_wconf 86' lang='lat' dir='ltr'>firmationem</span> <span class='ocrx_word' id='word_1_189' title='bbox 286 4092 455 4164; x_wconf 82' lang='lat' dir='ltr'>expectare</span> <span class='ocrx_word' id='word_1_190' title='bbox 484 4085 648 4150; x_wconf 81' lang='lat' dir='ltr'>videntur:</span> <span class='ocrx_word' id='word_1_191' title='bbox 690 4087 743 4165; x_wconf 89' lang='lat' dir='ltr'>qui</span> <span class='ocrx_word' id='word_1_192' title='bbox 775 4086 905 4167; x_wconf 89' lang='lat' dir='ltr'>insuper</span> <span class='ocrx_word' id='word_1_193' title='bbox 935 4088 1142 4166; x_wconf 86' lang='lat' dir='ltr'>mirarentur,</span> <span class='ocrx_word' id='word_1_194' title='bbox 1175 4105 1215 4151; x_wconf 84' lang='lat' dir='ltr'>ex</span> 
     </span>
     <span class='ocr_line' id='line_1_29' title="bbox 49 4170 1213 4253; baseline 0.003 -18"><span class='ocrx_word' id='word_1_195' title='bbox 49 4173 144 4236; x_wconf 88' lang='lat' dir='ltr'>totins</span> <span class='ocrx_word' id='word_1_196' title='bbox 168 4170 258 4237; x_wconf 89' lang='lat' dir='ltr'>orbis</span> <span class='ocrx_word' id='word_1_197' title='bbox 280 4171 423 4251; x_wconf 87' lang='lat' dir='ltr'>partibus</span> <span class='ocrx_word' id='word_1_198' title='bbox 446 4171 620 4253; x_wconf 88' lang='lat' dir='ltr'>Episcopos</span> <span class='ocrx_word' id='word_1_199' title='bbox 643 4174 676 4236; x_wconf 95' lang='lat' dir='ltr'>in</span> <span class='ocrx_word' id='word_1_200' title='bbox 691 4173 880 4238; x_wconf 89' lang='lat' dir='ltr'>Vaticanum</span> <span class='ocrx_word' id='word_1_201' title='bbox 897 4171 1070 4238; x_wconf 88' lang='lat' dir='ltr'>Concilium</span> <span class='ocrx_word' id='word_1_202' title='bbox 1086 4178 1213 4238; x_wconf 89' lang='lat' dir='ltr'>coactos</span> 
     </span>
     <span class='ocr_line' id='line_1_30' title="bbox 48 4255 1215 4343; baseline 0.003 -19"><span class='ocrx_word' id='word_1_203' title='bbox 48 4255 148 4340; x_wconf 86' lang='lat' dir='ltr'>luisse,</span> <span class='ocrx_word' id='word_1_204' title='bbox 172 4263 212 4322; x_wconf 88' lang='lat' dir='ltr'>nt</span> <span class='ocrx_word' id='word_1_205' title='bbox 234 4257 467 4338; x_wconf 87' lang='lat' dir='ltr'>pantheismum</span> <span class='ocrx_word' id='word_1_206' title='bbox 490 4266 524 4323; x_wconf 92' lang='lat' dir='ltr'>et</span> <span class='ocrx_word' id='word_1_207' title='bbox 545 4260 797 4325; x_wconf 89' lang='lat' dir='ltr'>rationalismnm</span> <span class='ocrx_word' id='word_1_208' title='bbox 820 4261 961 4342; x_wconf 87' lang='lat' dir='ltr'>aliosque</span> <span class='ocrx_word' id='word_1_209' title='bbox 978 4277 1109 4340; x_wconf 88' lang='lat' dir='ltr'>errores,</span> <span class='ocrx_word' id='word_1_210' title='bbox 1133 4279 1215 4343; x_wconf 86' lang='lat' dir='ltr'>quos</span> 
     </span>
    </p>
   </div>
   <div class='ocr_carea' id='block_1_6' title="bbox 0 0 1440 4874">
    <p class='ocr_par' dir='ltr' id='par_1_8' title="bbox 0 0 1440 4874">
     <span class='ocr_line' id='line_1_31' title="bbox 0 0 1440 4874; baseline 0 2"><span class='ocrx_word' id='word_1_211' title='bbox 0 0 1440 4874; x_wconf 95' lang='lat' dir='ltr'> </span> 
     </span>
    </p>
   </div>
  </div>
 </body>
</html>
