<?xml version="1.0" encoding="UTF-8"?>
<!DOCTYPE html PUBLIC "-//W3C//DTD XHTML 1.0 Transitional//EN"
    "http://www.w3.org/TR/xhtml1/DTD/xhtml1-transitional.dtd">
<html xmlns="http://www.w3.org/1999/xhtml" xml:lang="en" lang="en">
 <head>
  <title>
</title>
<meta http-equiv="Content-Type" content="text/html;charset=utf-8" />
  <meta name='ocr-system' content='tesseract 3.04.00' />
  <meta name='ocr-capabilities' content='ocr_page ocr_carea ocr_par ocr_line ocrx_word'/>
</head>
<body>
  <div class='ocr_page' id='page_1' title='image "./omniumconciliiv00martgoog_0177.png"; bbox 0 0 2872 4874; ppageno 0'>
   <div class='ocr_carea' id='block_1_1' title="bbox 155 317 829 381">
    <p class='ocr_par' dir='ltr' id='par_1_1' title="bbox 155 317 829 381">
     <span class='ocr_line' id='line_1_1' title="bbox 155 317 829 381; baseline 0.001 -3"><span class='ocrx_word' id='word_1_1' title='bbox 155 317 215 379; x_wconf 75' lang='lat'>164</span> <span class='ocrx_word' id='word_1_2' title='bbox 657 331 829 381; x_wconf 81' lang='lat' dir='ltr'>rosruuarr</span> 
     </span>
    </p>
   </div>
   <div class='ocr_carea' id='block_1_2' title="bbox 149 469 1300 992">
    <p class='ocr_par' dir='ltr' id='par_1_2' title="bbox 149 469 1300 992">
     <span class='ocr_line' id='line_1_2' title="bbox 259 469 1299 555; baseline 0.006 -19"><span class='ocrx_word' id='word_1_3' title='bbox 259 479 290 536; x_wconf 87' lang='lat'>1⁰</span> <span class='ocrx_word' id='word_1_4' title='bbox 324 469 479 538; x_wconf 84' lang='lat' dir='ltr'>Creentur</span> <span class='ocrx_word' id='word_1_5' title='bbox 519 472 551 536; x_wconf 94' lang='lat' dir='ltr'>in</span> <span class='ocrx_word' id='word_1_6' title='bbox 593 471 726 537; x_wconf 83' lang='lat' dir='ltr'>diversis</span> <span class='ocrx_word' id='word_1_7' title='bbox 758 471 922 538; x_wconf 82' lang='lat' dir='ltr'>Ecclesiae</span> <span class='ocrx_word' id='word_1_8' title='bbox 961 474 1107 555; x_wconf 91' lang='lat' dir='ltr'>partibus</span> <span class='ocrx_word' id='word_1_9' title='bbox 1140 472 1299 542; x_wconf 85' lang='lat' dir='ltr'>Seminaria</span> 
     </span>
     <span class='ocr_line' id='line_1_3' title="bbox 152 559 1300 644; baseline 0.007 -22"><span class='ocrx_word' id='word_1_10' title='bbox 152 559 307 639; x_wconf 83' lang='lat' dir='ltr'>quaedam</span> <span class='ocrx_word' id='word_1_11' title='bbox 335 561 501 642; x_wconf 82' lang='lat' dir='ltr'>specialia,</span> <span class='ocrx_word' id='word_1_12' title='bbox 536 559 577 624; x_wconf 93' lang='lat' dir='ltr'>ad</span> <span class='ocrx_word' id='word_1_13' title='bbox 607 560 708 624; x_wconf 90' lang='lat' dir='ltr'>instar</span> <span class='ocrx_word' id='word_1_14' title='bbox 735 560 869 625; x_wconf 91' lang='lat' dir='ltr'>Romani</span> <span class='ocrx_word' id='word_1_15' title='bbox 898 563 1059 627; x_wconf 88' lang='lat' dir='ltr'>seminarii</span> <span class='ocrx_word' id='word_1_16' title='bbox 1087 563 1300 644; x_wconf 85' lang='lat' dir='ltr'>Propagandae</span> 
     </span>
     <span class='ocr_line' id='line_1_4' title="bbox 152 646 1299 728; baseline 0.008 -18"><span class='ocrx_word' id='word_1_17' title='bbox 152 646 231 726; x_wconf 84' lang='lat' dir='ltr'>fidei,</span> <span class='ocrx_word' id='word_1_18' title='bbox 255 647 305 712; x_wconf 90' lang='lat' dir='ltr'>vel</span> <span class='ocrx_word' id='word_1_19' title='bbox 318 647 505 713; x_wconf 90' lang='lat' dir='ltr'>Parisiensis</span> <span class='ocrx_word' id='word_1_20' title='bbox 521 647 707 711; x_wconf 88' lang='lat' dir='ltr'>Missionum</span> <span class='ocrx_word' id='word_1_21' title='bbox 723 653 910 728; x_wconf 87' lang='lat' dir='ltr'>exterarum,</span> <span class='ocrx_word' id='word_1_22' title='bbox 935 649 988 713; x_wconf 93' lang='lat' dir='ltr'>ubi</span> <span class='ocrx_word' id='word_1_23' title='bbox 1012 650 1120 715; x_wconf 89' lang='lat' dir='ltr'>clerici</span> <span class='ocrx_word' id='word_1_24' title='bbox 1135 652 1299 719; x_wconf 86' lang='lat' dir='ltr'>saeculares</span> 
     </span>
     <span class='ocr_line' id='line_1_5' title="bbox 151 735 1299 823; baseline 0.006 -25"><span class='ocrx_word' id='word_1_25' title='bbox 151 735 347 800; x_wconf 89' lang='lat' dir='ltr'>diversarum</span> <span class='ocrx_word' id='word_1_26' title='bbox 363 737 515 816; x_wconf 85' lang='lat' dir='ltr'>gentium,</span> <span class='ocrx_word' id='word_1_27' title='bbox 535 735 589 815; x_wconf 92' lang='lat' dir='ltr'>qui</span> <span class='ocrx_word' id='word_1_28' title='bbox 605 735 859 815; x_wconf 83' lang='lat' dir='ltr'>evangelizandis</span> <span class='ocrx_word' id='word_1_29' title='bbox 875 735 1053 803; x_wconf 88' lang='lat' dir='ltr'>infidelibus</span> <span class='ocrx_word' id='word_1_30' title='bbox 1070 737 1299 823; x_wconf 77' lang='lat' dir='ltr'>destinarentur,</span> 
     </span>
     <span class='ocr_line' id='line_1_6' title="bbox 150 822 1297 909; baseline 0.006 -23"><span class='ocrx_word' id='word_1_31' title='bbox 150 822 317 904; x_wconf 83' lang='lat' dir='ltr'>specialem</span> <span class='ocrx_word' id='word_1_32' title='bbox 342 823 465 888; x_wconf 89' lang='lat' dir='ltr'>adhoc</span> <span class='ocrx_word' id='word_1_33' title='bbox 488 823 720 887; x_wconf 88' lang='lat' dir='ltr'>institutionem</span> <span class='ocrx_word' id='word_1_34' title='bbox 750 824 944 906; x_wconf 87' lang='lat' dir='ltr'>reciperent,</span> <span class='ocrx_word' id='word_1_35' title='bbox 976 825 1081 892; x_wconf 88' lang='lat' dir='ltr'>edocti</span> <span class='ocrx_word' id='word_1_36' title='bbox 1114 835 1134 892; x_wconf 85' lang='lat' dir='ltr'>&#39;a</span> <span class='ocrx_word' id='word_1_37' title='bbox 1161 827 1235 891; x_wconf 89' lang='lat' dir='ltr'>viris</span> <span class='ocrx_word' id='word_1_38' title='bbox 1255 831 1297 909; x_wconf 88' lang='lat' dir='ltr'>qui</span> 
     </span>
     <span class='ocr_line' id='line_1_7' title="bbox 149 909 850 992; baseline 0.007 -18"><span class='ocrx_word' id='word_1_39' title='bbox 149 917 181 974; x_wconf 89' lang='lat' dir='ltr'>et</span> <span class='ocrx_word' id='word_1_40' title='bbox 204 911 265 992; x_wconf 92' lang='lat' dir='ltr'>ipsi</span> <span class='ocrx_word' id='word_1_41' title='bbox 286 911 319 974; x_wconf 94' lang='lat' dir='ltr'>in</span> <span class='ocrx_word' id='word_1_42' title='bbox 342 911 544 976; x_wconf 85' lang='lat' dir='ltr'>missionibus</span> <span class='ocrx_word' id='word_1_43' title='bbox 567 909 621 974; x_wconf 91' lang='lat' dir='ltr'>diu</span> <span class='ocrx_word' id='word_1_44' title='bbox 643 910 850 978; x_wconf 86' lang='lat' dir='ltr'>laborassent.</span> 
     </span>
    </p>
   </div>
   <div class='ocr_carea' id='block_1_3' title="bbox 148 1015 1294 1449">
    <p class='ocr_par' dir='ltr' id='par_1_3' title="bbox 148 1015 1294 1449">
     <span class='ocr_line' id='line_1_8' title="bbox 255 1015 1294 1099; baseline 0.005 -20"><span class='ocrx_word' id='word_1_45' title='bbox 255 1019 287 1079; x_wconf 85' lang='lat'>2⁰</span> <span class='ocrx_word' id='word_1_46' title='bbox 309 1015 443 1081; x_wconf 89' lang='lat' dir='ltr'>Praeter</span> <span class='ocrx_word' id='word_1_47' title='bbox 457 1015 672 1081; x_wconf 89' lang='lat' dir='ltr'>missionarios</span> <span class='ocrx_word' id='word_1_48' title='bbox 699 1017 905 1081; x_wconf 87' lang='lat' dir='ltr'>instituantur</span> <span class='ocrx_word' id='word_1_49' title='bbox 919 1016 1115 1098; x_wconf 91' lang='lat' dir='ltr'>inpartibus</span> <span class='ocrx_word' id='word_1_50' title='bbox 1129 1016 1294 1099; x_wconf 86' lang='lat' dir='ltr'>infidelium,</span> 
     </span>
     <span class='ocr_line' id='line_1_9' title="bbox 149 1102 1293 1186; baseline 0.003 -19"><span class='ocrx_word' id='word_1_51' title='bbox 149 1108 301 1184; x_wconf 90' lang='lat' dir='ltr'>quantum</span> <span class='ocrx_word' id='word_1_52' title='bbox 334 1110 366 1167; x_wconf 87' lang='lat' dir='ltr'>et</span> <span class='ocrx_word' id='word_1_53' title='bbox 400 1105 510 1184; x_wconf 91' lang='lat' dir='ltr'>quovis</span> <span class='ocrx_word' id='word_1_54' title='bbox 540 1103 573 1166; x_wconf 94' lang='lat' dir='ltr'>id</span> <span class='ocrx_word' id='word_1_55' title='bbox 606 1102 674 1168; x_wconf 89' lang='lat' dir='ltr'>fieri</span> <span class='ocrx_word' id='word_1_56' title='bbox 712 1105 846 1185; x_wconf 86' lang='lat' dir='ltr'>poterit,</span> <span class='ocrx_word' id='word_1_57' title='bbox 883 1104 1023 1184; x_wconf 54' lang='lat' dir='ltr'>scholae,</span> <span class='ocrx_word' id='word_1_58' title='bbox 1060 1106 1241 1186; x_wconf 89' lang='lat' dir='ltr'>seminaria,</span> <span class='ocrx_word' id='word_1_59' title='bbox 1267 1113 1293 1172; x_wconf 91' lang='lat' dir='ltr'>et</span> 
     </span>
     <span class='ocr_line' id='line_1_10' title="bbox 148 1191 1292 1276; baseline 0.003 -22"><span class='ocrx_word' id='word_1_60' title='bbox 148 1191 355 1270; x_wconf 90' lang='lat' dir='ltr'>monasteria,</span> <span class='ocrx_word' id='word_1_61' title='bbox 383 1210 463 1272; x_wconf 90' lang='lat' dir='ltr'>quae</span> <span class='ocrx_word' id='word_1_62' title='bbox 486 1199 593 1255; x_wconf 91' lang='lat' dir='ltr'>essent</span> <span class='ocrx_word' id='word_1_63' title='bbox 624 1193 715 1272; x_wconf 91' lang='lat' dir='ltr'>quasi</span> <span class='ocrx_word' id='word_1_64' title='bbox 737 1191 862 1273; x_wconf 81' lang='lat' dir='ltr'>fomites</span> <span class='ocrx_word' id='word_1_65' title='bbox 885 1193 1012 1272; x_wconf 90' lang='lat' dir='ltr'>quidam</span> <span class='ocrx_word' id='word_1_66' title='bbox 1046 1194 1130 1275; x_wconf 81' lang='lat' dir='ltr'>ignis</span> <span class='ocrx_word' id='word_1_67' title='bbox 1154 1196 1241 1276; x_wconf 87' lang='lat' dir='ltr'>sacri,</span> <span class='ocrx_word' id='word_1_68' title='bbox 1267 1200 1292 1258; x_wconf 90' lang='lat' dir='ltr'>et</span> 
     </span>
     <span class='ocr_line' id='line_1_11' title="bbox 148 1277 1292 1363; baseline 0.003 -22"><span class='ocrx_word' id='word_1_69' title='bbox 148 1279 234 1343; x_wconf 85' lang='lat' dir='ltr'>velut</span> <span class='ocrx_word' id='word_1_70' title='bbox 257 1284 367 1343; x_wconf 90' lang='lat' dir='ltr'>centra</span> <span class='ocrx_word' id='word_1_71' title='bbox 390 1277 564 1360; x_wconf 85' lang='lat' dir='ltr'>exquibus</span> <span class='ocrx_word' id='word_1_72' title='bbox 588 1277 661 1344; x_wconf 78' lang='lat' dir='ltr'>fidu</span> <span class='ocrx_word' id='word_1_73' title='bbox 683 1279 736 1343; x_wconf 84' lang='lat' dir='ltr'>lux</span> <span class='ocrx_word' id='word_1_74' title='bbox 760 1284 792 1345; x_wconf 91' lang='lat' dir='ltr'>et</span> <span class='ocrx_word' id='word_1_75' title='bbox 808 1279 972 1345; x_wconf 87' lang='lat' dir='ltr'>charitatis</span> <span class='ocrx_word' id='word_1_76' title='bbox 988 1280 1083 1363; x_wconf 87' lang='lat' dir='ltr'>calor,</span> <span class='ocrx_word' id='word_1_77' title='bbox 1107 1281 1185 1348; x_wconf 92' lang='lat' dir='ltr'>inibi</span> <span class='ocrx_word' id='word_1_78' title='bbox 1200 1281 1292 1347; x_wconf 91' lang='lat' dir='ltr'>arden·</span> 
     </span>
     <span class='ocr_line' id='line_1_12' title="bbox 148 1366 692 1449; baseline 0.006 -20"><span class='ocrx_word' id='word_1_79' title='bbox 148 1373 206 1446; x_wconf 78' lang='lat' dir='ltr'>teS,</span> <span class='ocrx_word' id='word_1_80' title='bbox 230 1366 471 1449; x_wconf 89' lang='lat' dir='ltr'>circumquaque</span> <span class='ocrx_word' id='word_1_81' title='bbox 493 1368 692 1433; x_wconf 88' lang='lat' dir='ltr'>irradiarent.</span> 
     </span>
    </p>
   </div>
   <div class='ocr_carea' id='block_1_4' title="bbox 147 1463 1296 1889">
    <p class='ocr_par' dir='ltr' id='par_1_4' title="bbox 147 1463 1296 1889">
     <span class='ocr_line' id='line_1_13' title="bbox 255 1463 1289 1554; baseline -0.001 -17"><span class='ocrx_word' id='word_1_82' title='bbox 255 1476 287 1537; x_wconf 88' lang='lat'>3⁰</span> <span class='ocrx_word' id='word_1_83' title='bbox 310 1471 394 1536; x_wconf 92' lang='lat' dir='ltr'>Nihil</span> <span class='ocrx_word' id='word_1_84' title='bbox 417 1463 585 1538; x_wconf 82' lang='lat' dir='ltr'>omittatur</span> <span class='ocrx_word' id='word_1_85' title='bbox 599 1478 645 1552; x_wconf 94' lang='lat' dir='ltr'>ut,</span> <span class='ocrx_word' id='word_1_86' title='bbox 668 1473 856 1553; x_wconf 88' lang='lat' dir='ltr'>quantocius</span> <span class='ocrx_word' id='word_1_87' title='bbox 871 1473 904 1537; x_wconf 92' lang='lat' dir='ltr'>id</span> <span class='ocrx_word' id='word_1_88' title='bbox 920 1474 1070 1554; x_wconf 92' lang='lat' dir='ltr'>possibile</span> <span class='ocrx_word' id='word_1_89' title='bbox 1086 1473 1192 1554; x_wconf 87' lang='lat' dir='ltr'>fuerit,</span> <span class='ocrx_word' id='word_1_90' title='bbox 1216 1472 1289 1538; x_wconf 86' lang='lat' dir='ltr'>effor-</span> 
     </span>
     <span class='ocr_line' id='line_1_14' title="bbox 148 1559 1292 1642; baseline 0.002 -21"><span class='ocrx_word' id='word_1_91' title='bbox 148 1563 253 1623; x_wconf 88' lang='lat' dir='ltr'>metur</span> <span class='ocrx_word' id='word_1_92' title='bbox 275 1561 308 1623; x_wconf 94' lang='lat' dir='ltr'>in</span> <span class='ocrx_word' id='word_1_93' title='bbox 331 1560 379 1624; x_wconf 90' lang='lat' dir='ltr'>his</span> <span class='ocrx_word' id='word_1_94' title='bbox 401 1561 582 1642; x_wconf 85' lang='lat' dir='ltr'>regionibus</span> <span class='ocrx_word' id='word_1_95' title='bbox 599 1559 710 1626; x_wconf 84' lang='lat' dir='ltr'>Olenus</span> <span class='ocrx_word' id='word_1_96' title='bbox 733 1561 889 1642; x_wconf 83' lang='lat' dir='ltr'>indigena,</span> <span class='ocrx_word' id='word_1_97' title='bbox 914 1565 946 1624; x_wconf 93' lang='lat' dir='ltr'>et</span> <span class='ocrx_word' id='word_1_98' title='bbox 969 1579 1031 1642; x_wconf 92' lang='lat' dir='ltr'>quo</span> <span class='ocrx_word' id='word_1_99' title='bbox 1054 1560 1179 1627; x_wconf 86' lang='lat' dir='ltr'>facilius</span> <span class='ocrx_word' id='word_1_100' title='bbox 1200 1560 1292 1626; x_wconf 81' lang='lat' dir='ltr'>Oleros</span> 
     </span>
     <span class='ocr_line' id='line_1_15' title="bbox 147 1645 1291 1731; baseline 0.002 -22"><span class='ocrx_word' id='word_1_101' title='bbox 147 1645 199 1709; x_wconf 91' lang='lat' dir='ltr'>ille</span> <span class='ocrx_word' id='word_1_102' title='bbox 222 1646 455 1728; x_wconf 85' lang='lat' dir='ltr'>perfectiusque</span> <span class='ocrx_word' id='word_1_103' title='bbox 470 1648 595 1713; x_wconf 90' lang='lat' dir='ltr'>institui</span> <span class='ocrx_word' id='word_1_104' title='bbox 618 1650 726 1730; x_wconf 87' lang='lat' dir='ltr'>possit,</span> <span class='ocrx_word' id='word_1_105' title='bbox 749 1649 918 1712; x_wconf 90' lang='lat' dir='ltr'>mittantur</span> <span class='ocrx_word' id='word_1_106' title='bbox 932 1649 965 1712; x_wconf 89' lang='lat' dir='ltr'>in</span> <span class='ocrx_word' id='word_1_107' title='bbox 982 1650 1185 1730; x_wconf 83' lang='lat' dir='ltr'>Europeanas</span> <span class='ocrx_word' id='word_1_108' title='bbox 1200 1654 1291 1731; x_wconf 87' lang='lat' dir='ltr'>partes</span> 
     </span>
     <span class='ocr_line' id='line_1_16' title="bbox 148 1734 1296 1818; baseline 0.003 -21"><span class='ocrx_word' id='word_1_109' title='bbox 148 1734 375 1816; x_wconf 72' lang='lat' dir='ltr'>adolescentes</span> <span class='ocrx_word' id='word_1_110' title='bbox 400 1737 441 1800; x_wconf 90' lang='lat' dir='ltr'>ad</span> <span class='ocrx_word' id='word_1_111' title='bbox 464 1737 571 1802; x_wconf 89' lang='lat' dir='ltr'>studia</span> <span class='ocrx_word' id='word_1_112' title='bbox 595 1737 742 1818; x_wconf 88' lang='lat' dir='ltr'>aptiores,</span> <span class='ocrx_word' id='word_1_113' title='bbox 766 1737 819 1817; x_wconf 90' lang='lat' dir='ltr'>qni</span> <span class='ocrx_word' id='word_1_114' title='bbox 841 1737 873 1800; x_wconf 95' lang='lat' dir='ltr'>in</span> <span class='ocrx_word' id='word_1_115' title='bbox 889 1735 1072 1801; x_wconf 83' lang='lat' dir='ltr'>Seminariis</span> <span class='ocrx_word' id='word_1_116' title='bbox 1096 1738 1213 1804; x_wconf 90' lang='lat' dir='ltr'>nostris</span> <span class='ocrx_word' id='word_1_117' title='bbox 1233 1737 1296 1801; x_wconf 90' lang='lat' dir='ltr'>edo·</span> 
     </span>
     <span class='ocr_line' id='line_1_17' title="bbox 147 1823 539 1889; baseline 0.008 -4"><span class='ocrx_word' id='word_1_118' title='bbox 147 1828 279 1887; x_wconf 90' lang='lat' dir='ltr'>ceantur</span> <span class='ocrx_word' id='word_1_119' title='bbox 300 1828 333 1888; x_wconf 93' lang='lat' dir='ltr'>et</span> <span class='ocrx_word' id='word_1_120' title='bbox 355 1823 539 1889; x_wconf 90' lang='lat' dir='ltr'>educentur.</span> 
     </span>
    </p>
   </div>
   <div class='ocr_carea' id='block_1_5' title="bbox 147 1928 1299 2095">
    <p class='ocr_par' dir='ltr' id='par_1_5' title="bbox 147 1928 1299 2095">
     <span class='ocr_line' id='line_1_18' title="bbox 251 1928 1299 2010; baseline 0.002 -18"><span class='ocrx_word' id='word_1_121' title='bbox 251 1929 360 1993; x_wconf 88' lang='lat' dir='ltr'>Liceat</span> <span class='ocrx_word' id='word_1_122' title='bbox 381 1948 558 2010; x_wconf 91' lang='lat' dir='ltr'>proponere</span> <span class='ocrx_word' id='word_1_123' title='bbox 582 1928 669 1992; x_wconf 92' lang='lat' dir='ltr'>aliud</span> <span class='ocrx_word' id='word_1_124' title='bbox 684 1931 802 2008; x_wconf 91' lang='lat' dir='ltr'>votum,</span> <span class='ocrx_word' id='word_1_125' title='bbox 827 1929 910 2009; x_wconf 93' lang='lat' dir='ltr'>quod</span> <span class='ocrx_word' id='word_1_126' title='bbox 930 1929 1164 2010; x_wconf 88' lang='lat' dir='ltr'>sapientissimo</span> <span class='ocrx_word' id='word_1_127' title='bbox 1182 1931 1212 1997; x_wconf 88' lang='lat' dir='ltr'>S.</span> <span class='ocrx_word' id='word_1_128' title='bbox 1227 1929 1299 1996; x_wconf 89' lang='lat' dir='ltr'>Pon-</span> 
     </span>
     <span class='ocr_line' id='line_1_19' title="bbox 147 2014 1052 2095; baseline 0.007 -19"><span class='ocrx_word' id='word_1_129' title='bbox 147 2014 239 2080; x_wconf 85' lang='lat' dir='ltr'>tificis</span> <span class='ocrx_word' id='word_1_130' title='bbox 259 2016 386 2095; x_wconf 87' lang='lat' dir='ltr'>judicio,</span> <span class='ocrx_word' id='word_1_131' title='bbox 412 2035 483 2083; x_wconf 90' lang='lat' dir='ltr'>cum</span> <span class='ocrx_word' id='word_1_132' title='bbox 507 2017 592 2082; x_wconf 92' lang='lat' dir='ltr'>omni</span> <span class='ocrx_word' id='word_1_133' title='bbox 615 2017 801 2095; x_wconf 88' lang='lat' dir='ltr'>reverentia,</span> <span class='ocrx_word' id='word_1_134' title='bbox 827 2016 1052 2083; x_wconf 90' lang='lat' dir='ltr'>submittimus.</span> 
     </span>
    </p>
   </div>
   <div class='ocr_carea' id='block_1_6' title="bbox 141 2120 1303 2712">
    <p class='ocr_par' dir='ltr' id='par_1_6' title="bbox 141 2120 1303 2712">
     <span class='ocr_line' id='line_1_20' title="bbox 251 2120 1299 2188; baseline 0.001 -3"><span class='ocrx_word' id='word_1_135' title='bbox 251 2127 283 2185; x_wconf 88' lang='lat'>4⁰</span> <span class='ocrx_word' id='word_1_136' title='bbox 307 2121 421 2187; x_wconf 86' lang='lat' dir='ltr'>Statim</span> <span class='ocrx_word' id='word_1_137' title='bbox 453 2139 489 2185; x_wconf 91' lang='lat' dir='ltr'>ac</span> <span class='ocrx_word' id='word_1_138' title='bbox 518 2121 595 2186; x_wconf 89' lang='lat' dir='ltr'>satis</span> <span class='ocrx_word' id='word_1_139' title='bbox 623 2138 810 2186; x_wconf 91' lang='lat' dir='ltr'>numerosae</span> <span class='ocrx_word' id='word_1_140' title='bbox 842 2125 874 2186; x_wconf 91' lang='lat' dir='ltr'>et</span> <span class='ocrx_word' id='word_1_141' title='bbox 904 2120 1035 2185; x_wconf 91' lang='lat' dir='ltr'>stabiles</span> <span class='ocrx_word' id='word_1_142' title='bbox 1058 2120 1299 2188; x_wconf 86' lang='lat' dir='ltr'>christianitates</span> 
     </span>
     <span class='ocr_line' id='line_1_21' title="bbox 145 2209 1296 2291; baseline 0 -17"><span class='ocrx_word' id='word_1_143' title='bbox 145 2209 315 2274; x_wconf 92' lang='lat' dir='ltr'>coadunari</span> <span class='ocrx_word' id='word_1_144' title='bbox 336 2211 505 2291; x_wconf 87' lang='lat' dir='ltr'>potuerint,</span> <span class='ocrx_word' id='word_1_145' title='bbox 529 2211 692 2291; x_wconf 79' lang='lat' dir='ltr'>erigantur</span> <span class='ocrx_word' id='word_1_146' title='bbox 713 2209 759 2272; x_wconf 90' lang='lat' dir='ltr'>ibi</span> <span class='ocrx_word' id='word_1_147' title='bbox 781 2209 952 2288; x_wconf 89' lang='lat' dir='ltr'>dioeceses,</span> <span class='ocrx_word' id='word_1_148' title='bbox 977 2215 1073 2290; x_wconf 87' lang='lat' dir='ltr'>atquc</span> <span class='ocrx_word' id='word_1_149' title='bbox 1097 2211 1296 2275; x_wconf 89' lang='lat' dir='ltr'>instituantm</span> 
     </span>
     <span class='ocr_line' id='line_1_22' title="bbox 145 2296 1300 2381; baseline 0.002 -21"><span class='ocrx_word' id='word_1_150' title='bbox 145 2298 303 2379; x_wconf 85' lang='lat' dir='ltr'>Episcopi,</span> <span class='ocrx_word' id='word_1_151' title='bbox 328 2299 381 2378; x_wconf 90' lang='lat' dir='ltr'>qui</span> <span class='ocrx_word' id='word_1_152' title='bbox 405 2316 468 2362; x_wconf 93' lang='lat' dir='ltr'>non</span> <span class='ocrx_word' id='word_1_153' title='bbox 491 2303 556 2360; x_wconf 89' lang='lat' dir='ltr'>tam</span> <span class='ocrx_word' id='word_1_154' title='bbox 579 2316 598 2361; x_wconf 92' lang='lat' dir='ltr'>a</span> <span class='ocrx_word' id='word_1_155' title='bbox 620 2297 830 2378; x_wconf 84' lang='lat' dir='ltr'>Propaganda</span> <span class='ocrx_word' id='word_1_156' title='bbox 852 2296 1021 2376; x_wconf 81' lang='lat' dir='ltr'>pendeant,</span> <span class='ocrx_word' id='word_1_157' title='bbox 1045 2315 1140 2378; x_wconf 90' lang='lat' dir='ltr'>quam</span> <span class='ocrx_word' id='word_1_158' title='bbox 1156 2298 1215 2362; x_wconf 93' lang='lat' dir='ltr'>sub</span> <span class='ocrx_word' id='word_1_159' title='bbox 1235 2301 1300 2381; x_wconf 90' lang='lat' dir='ltr'>jure</span> 
     </span>
     <span class='ocr_line' id='line_1_23' title="bbox 144 2384 1303 2467; baseline 0.001 -19"><span class='ocrx_word' id='word_1_160' title='bbox 144 2387 301 2449; x_wconf 92' lang='lat' dir='ltr'>communi</span> <span class='ocrx_word' id='word_1_161' title='bbox 323 2386 396 2450; x_wconf 88' lang='lat' dir='ltr'>sint.</span> <span class='ocrx_word' id='word_1_162' title='bbox 443 2384 511 2461; x_wconf 80' lang='lat' dir='ltr'>Quo</span> <span class='ocrx_word' id='word_1_163' title='bbox 536 2385 628 2463; x_wconf 90' lang='lat' dir='ltr'>enim,</span> <span class='ocrx_word' id='word_1_164' title='bbox 653 2385 788 2448; x_wconf 90' lang='lat' dir='ltr'>servatis</span> <span class='ocrx_word' id='word_1_165' title='bbox 811 2384 944 2466; x_wconf 88' lang='lat' dir='ltr'>legibus,</span> <span class='ocrx_word' id='word_1_166' title='bbox 969 2384 1090 2465; x_wconf 92' lang='lat' dir='ltr'>plenior</span> <span class='ocrx_word' id='word_1_167' title='bbox 1118 2391 1167 2450; x_wconf 93' lang='lat' dir='ltr'>est</span> <span class='ocrx_word' id='word_1_168' title='bbox 1195 2385 1303 2467; x_wconf 82' lang='lat' dir='ltr'>agendi</span> 
     </span>
     <span class='ocr_line' id='line_1_24' title="bbox 141 2472 1303 2558; baseline 0.003 -23"><span class='ocrx_word' id='word_1_169' title='bbox 141 2473 284 2558; x_wconf 89' lang='lat' dir='ltr'>libertas,</span> <span class='ocrx_word' id='word_1_170' title='bbox 309 2491 344 2537; x_wconf 96' lang='lat' dir='ltr'>eo</span> <span class='ocrx_word' id='word_1_171' title='bbox 369 2472 543 2552; x_wconf 88' lang='lat' dir='ltr'>expeditior</span> <span class='ocrx_word' id='word_1_172' title='bbox 565 2476 598 2536; x_wconf 94' lang='lat' dir='ltr'>et</span> <span class='ocrx_word' id='word_1_173' title='bbox 621 2472 723 2536; x_wconf 89' lang='lat' dir='ltr'>acrior</span> <span class='ocrx_word' id='word_1_174' title='bbox 739 2477 789 2536; x_wconf 87' lang='lat' dir='ltr'>est</span> <span class='ocrx_word' id='word_1_175' title='bbox 804 2474 901 2550; x_wconf 90' lang='lat' dir='ltr'>actio;</span> <span class='ocrx_word' id='word_1_176' title='bbox 925 2476 958 2536; x_wconf 92' lang='lat' dir='ltr'>et</span> <span class='ocrx_word' id='word_1_177' title='bbox 980 2489 1031 2536; x_wconf 89' lang='lat' dir='ltr'>res</span> <span class='ocrx_word' id='word_1_178' title='bbox 1048 2473 1176 2553; x_wconf 88' lang='lat' dir='ltr'>quaevis</span> <span class='ocrx_word' id='word_1_179' title='bbox 1193 2474 1303 2538; x_wconf 89' lang='lat' dir='ltr'>clarius</span> 
     </span>
     <span class='ocr_line' id='line_1_25' title="bbox 143 2559 1303 2642; baseline 0.003 -20"><span class='ocrx_word' id='word_1_180' title='bbox 143 2560 290 2624; x_wconf 84' lang='lat' dir='ltr'>videntur</span> <span class='ocrx_word' id='word_1_181' title='bbox 313 2565 346 2623; x_wconf 87' lang='lat' dir='ltr'>et</span> <span class='ocrx_word' id='word_1_182' title='bbox 369 2561 473 2640; x_wconf 90' lang='lat' dir='ltr'>aptius</span> <span class='ocrx_word' id='word_1_183' title='bbox 498 2566 636 2639; x_wconf 84' lang='lat' dir='ltr'>aguntur</span> <span class='ocrx_word' id='word_1_184' title='bbox 659 2559 699 2623; x_wconf 91' lang='lat' dir='ltr'>ab</span> <span class='ocrx_word' id='word_1_185' title='bbox 728 2560 766 2625; x_wconf 92' lang='lat' dir='ltr'>iis</span> <span class='ocrx_word' id='word_1_186' title='bbox 801 2561 854 2640; x_wconf 92' lang='lat' dir='ltr'>qui</span> <span class='ocrx_word' id='word_1_187' title='bbox 885 2577 983 2642; x_wconf 89' lang='lat' dir='ltr'>prope</span> <span class='ocrx_word' id='word_1_188' title='bbox 1015 2567 1103 2640; x_wconf 90' lang='lat' dir='ltr'>sunt,</span> <span class='ocrx_word' id='word_1_189' title='bbox 1141 2562 1303 2642; x_wconf 86' lang='lat' dir='ltr'>omniaque</span> 
     </span>
     <span class='ocr_line' id='line_1_26' title="bbox 143 2646 470 2712; baseline 0 -2"><span class='ocrx_word' id='word_1_190' title='bbox 143 2646 201 2712; x_wconf 89' lang='lat' dir='ltr'>sub</span> <span class='ocrx_word' id='word_1_191' title='bbox 224 2666 319 2711; x_wconf 89' lang='lat' dir='ltr'>manu</span> <span class='ocrx_word' id='word_1_192' title='bbox 340 2646 470 2712; x_wconf 91' lang='lat' dir='ltr'>habent.</span> 
     </span>
    </p>
   </div>
   <div class='ocr_carea' id='block_1_7' title="bbox 165 2856 1285 2941">
    <p class='ocr_par' dir='ltr' id='par_1_7' title="bbox 165 2856 1285 2941">
     <span class='ocr_line' id='line_1_27' title="bbox 165 2856 1285 2941; baseline 0.003 -20"><span class='ocrx_word' id='word_1_193' title='bbox 165 2857 216 2922; x_wconf 87' lang='lat' dir='ltr'>De</span> <span class='ocrx_word' id='word_1_194' title='bbox 238 2858 452 2924; x_wconf 73' lang='lat' dir='ltr'>schismaticis</span> <span class='ocrx_word' id='word_1_195' title='bbox 474 2858 600 2941; x_wconf 78' lang='lat' dir='ltr'>praecis</span> <span class='ocrx_word' id='word_1_196' title='bbox 623 2858 667 2921; x_wconf 85' lang='lat' dir='ltr'>cd</span> <span class='ocrx_word' id='word_1_197' title='bbox 688 2857 844 2921; x_wconf 75' lang='lat' dir='ltr'>acuitatem</span> <span class='ocrx_word' id='word_1_198' title='bbox 858 2856 1023 2921; x_wconf 79' lang='lat' dir='ltr'>Ecclesiae</span> <span class='ocrx_word' id='word_1_199' title='bbox 1045 2857 1285 2940; x_wconf 78' lang='lat' dir='ltr'>recollipeada&#39;s.</span> 
     </span>
    </p>
   </div>
   <div class='ocr_carea' id='block_1_8' title="bbox 77 2998 1303 3589">
    <p class='ocr_par' dir='ltr' id='par_1_8' title="bbox 77 2998 1303 3589">
     <span class='ocr_line' id='line_1_28' title="bbox 245 2998 1303 3080; baseline 0.001 -19"><span class='ocrx_word' id='word_1_200' title='bbox 245 2998 296 3061; x_wconf 81' lang='lat' dir='ltr'>Ad</span> <span class='ocrx_word' id='word_1_201' title='bbox 311 2998 503 3065; x_wconf 87' lang='lat' dir='ltr'>Graecorum</span> <span class='ocrx_word' id='word_1_202' title='bbox 521 2998 795 3063; x_wconf 88' lang='lat' dir='ltr'>schismaticorum</span> <span class='ocrx_word' id='word_1_203' title='bbox 812 2998 1058 3077; x_wconf 87' lang='lat' dir='ltr'>conversionem,</span> <span class='ocrx_word' id='word_1_204' title='bbox 1075 3003 1193 3061; x_wconf 85' lang='lat' dir='ltr'>-tam</span> <span class='ocrx_word' id='word_1_205' title='bbox 1218 3003 1303 3080; x_wconf 91' lang='lat' dir='ltr'>opta-</span> 
     </span>
     <span class='ocr_line' id='line_1_29' title="bbox 140 3084 1303 3168; baseline -0.001 -17"><span class='ocrx_word' id='word_1_206' title='bbox 140 3085 233 3151; x_wconf 91' lang='lat' dir='ltr'>bilem</span> <span class='ocrx_word' id='word_1_207' title='bbox 257 3087 376 3167; x_wconf 90' lang='lat' dir='ltr'>utique,</span> <span class='ocrx_word' id='word_1_208' title='bbox 400 3093 510 3168; x_wconf 90' lang='lat' dir='ltr'>utpote</span> <span class='ocrx_word' id='word_1_209' title='bbox 534 3086 588 3166; x_wconf 91' lang='lat' dir='ltr'>qui</span> <span class='ocrx_word' id='word_1_210' title='bbox 612 3104 686 3167; x_wconf 89' lang='lat' dir='ltr'>pars</span> <span class='ocrx_word' id='word_1_211' title='bbox 710 3104 827 3166; x_wconf 81' lang='lat' dir='ltr'>magna</span> <span class='ocrx_word' id='word_1_212' title='bbox 843 3084 1083 3150; x_wconf 85' lang='lat' dir='ltr'>christianitatis</span> <span class='ocrx_word' id='word_1_213' title='bbox 1102 3091 1187 3165; x_wconf 90' lang='lat' dir='ltr'>sunt,</span> <span class='ocrx_word' id='word_1_214' title='bbox 1213 3104 1303 3150; x_wconf 88' lang='lat' dir='ltr'>vene·</span> 
     </span>
     <span class='ocr_line' id='line_1_30' title="bbox 140 3173 1303 3254; baseline 0 -18"><span class='ocrx_word' id='word_1_215' title='bbox 140 3173 241 3237; x_wconf 84' lang='lat' dir='ltr'>nanda</span> <span class='ocrx_word' id='word_1_216' title='bbox 273 3179 321 3239; x_wconf 91' lang='lat' dir='ltr'>tot</span> <span class='ocrx_word' id='word_1_217' title='bbox 350 3175 538 3240; x_wconf 88' lang='lat' dir='ltr'>Sanctorum</span> <span class='ocrx_word' id='word_1_218' title='bbox 561 3173 691 3237; x_wconf 87' lang='lat' dir='ltr'>Petrum</span> <span class='ocrx_word' id='word_1_219' title='bbox 715 3179 746 3237; x_wconf 89' lang='lat' dir='ltr'>et</span> <span class='ocrx_word' id='word_1_220' title='bbox 770 3173 942 3238; x_wconf 87' lang='lat' dir='ltr'>Doctorum</span> <span class='ocrx_word' id='word_1_221' title='bbox 966 3173 1115 3254; x_wconf 90' lang='lat' dir='ltr'>prosapia</span> <span class='ocrx_word' id='word_1_222' title='bbox 1137 3173 1303 3238; x_wconf 91' lang='lat' dir='ltr'>nobilitati.</span> 
     </span>
     <span class='ocr_line' id='line_1_31' title="bbox 140 3259 1303 3342; baseline 0 -16"><span class='ocrx_word' id='word_1_223' title='bbox 140 3267 172 3326; x_wconf 93' lang='lat' dir='ltr'>ct</span> <span class='ocrx_word' id='word_1_224' title='bbox 187 3259 290 3341; x_wconf 87' lang='lat' dir='ltr'>fidem,</span> <span class='ocrx_word' id='word_1_225' title='bbox 314 3269 520 3340; x_wconf 90' lang='lat' dir='ltr'>sacramenta,</span> <span class='ocrx_word' id='word_1_226' title='bbox 545 3268 671 3326; x_wconf 89' lang='lat' dir='ltr'>sanctos</span> <span class='ocrx_word' id='word_1_227' title='bbox 701 3261 789 3341; x_wconf 78' lang='lat' dir='ltr'>rituS,</span> <span class='ocrx_word' id='word_1_228' title='bbox 818 3260 1081 3340; x_wconf 87' lang='lat' dir='ltr'>christianamque</span> <span class='ocrx_word' id='word_1_229' title='bbox 1105 3261 1303 3342; x_wconf 86' lang='lat' dir='ltr'>disciplinam</span> 
     </span>
     <span class='ocr_line' id='line_1_32' title="bbox 138 3348 1303 3432; baseline 0.002 -21"><span class='ocrx_word' id='word_1_230' title='bbox 138 3350 203 3414; x_wconf 84' lang='lat' dir='ltr'>fere</span> <span class='ocrx_word' id='word_1_231' title='bbox 225 3350 257 3413; x_wconf 91' lang='lat' dir='ltr'>in</span> <span class='ocrx_word' id='word_1_232' title='bbox 288 3350 412 3432; x_wconf 87' lang='lat' dir='ltr'>integro</span> <span class='ocrx_word' id='word_1_233' title='bbox 443 3350 547 3414; x_wconf 90' lang='lat' dir='ltr'>adhuc</span> <span class='ocrx_word' id='word_1_234' title='bbox 575 3354 754 3427; x_wconf 79' lang='lat' dir='ltr'>servanteS,</span> <span class='ocrx_word' id='word_1_235' title='bbox 781 3385 819 3395; x_wconf 92' lang='lat'>-</span> <span class='ocrx_word' id='word_1_236' title='bbox 845 3348 938 3426; x_wconf 89' lang='lat' dir='ltr'>haec,</span> <span class='ocrx_word' id='word_1_237' title='bbox 962 3354 1115 3428; x_wconf 89' lang='lat' dir='ltr'>tanquam</span> <span class='ocrx_word' id='word_1_238' title='bbox 1139 3349 1303 3430; x_wconf 90' lang='lat' dir='ltr'>praecipui</span> 
     </span>
     <span class='ocr_line' id='line_1_33' title="bbox 138 3434 1303 3517; baseline 0.001 -18"><span class='ocrx_word' id='word_1_239' title='bbox 138 3442 170 3501; x_wconf 92' lang='lat' dir='ltr'>et</span> <span class='ocrx_word' id='word_1_240' title='bbox 204 3437 333 3501; x_wconf 89' lang='lat' dir='ltr'>maximi</span> <span class='ocrx_word' id='word_1_241' title='bbox 363 3438 528 3517; x_wconf 84' lang='lat' dir='ltr'>nronrenti,</span> <span class='ocrx_word' id='word_1_242' title='bbox 565 3442 767 3502; x_wconf 86' lang='lat' dir='ltr'>sacrosancto</span> <span class='ocrx_word' id='word_1_243' title='bbox 800 3434 938 3501; x_wconf 88' lang='lat' dir='ltr'>Concilio</span> <span class='ocrx_word' id='word_1_244' title='bbox 972 3436 1179 3516; x_wconf 88' lang='lat' dir='ltr'>proponenda</span> <span class='ocrx_word' id='word_1_245' title='bbox 1212 3437 1303 3502; x_wconf 87' lang='lat' dir='ltr'>nobis</span> 
     </span>
     <span class='ocr_line' id='line_1_34' title="bbox 77 3526 316 3589; baseline 0.017 -4"><span class='ocrx_word' id='word_1_246' title='bbox 77 3571 83 3585; x_wconf 85' lang='grc'><strong><em>,</em></strong></span> <span class='ocrx_word' id='word_1_247' title='bbox 137 3526 204 3589; x_wconf 91' lang='lat' dir='ltr'>visa</span> <span class='ocrx_word' id='word_1_248' title='bbox 227 3531 316 3589; x_wconf 92' lang='lat' dir='ltr'>sunt:</span> 
     </span>
    </p>
   </div>
   <div class='ocr_carea' id='block_1_9' title="bbox 101 3627 1303 4150">
    <p class='ocr_par' dir='ltr' id='par_1_9' title="bbox 101 3627 1303 3871">
     <span class='ocr_line' id='line_1_35' title="bbox 245 3627 1303 3710; baseline 0.001 -16"><span class='ocrx_word' id='word_1_249' title='bbox 245 3636 275 3694; x_wconf 86' lang='lat'>1⁰</span> <span class='ocrx_word' id='word_1_250' title='bbox 297 3629 411 3694; x_wconf 87' lang='lat' dir='ltr'>Nullae</span> <span class='ocrx_word' id='word_1_251' title='bbox 436 3630 552 3695; x_wconf 85' lang='lat' dir='ltr'>novae</span> <span class='ocrx_word' id='word_1_252' title='bbox 564 3629 734 3694; x_wconf 88' lang='lat' dir='ltr'>ederentur</span> <span class='ocrx_word' id='word_1_253' title='bbox 750 3629 933 3710; x_wconf 87' lang='lat' dir='ltr'>dogmatum</span> <span class='ocrx_word' id='word_1_254' title='bbox 947 3627 1154 3709; x_wconf 89' lang='lat' dir='ltr'>definitiones,</span> <span class='ocrx_word' id='word_1_255' title='bbox 1172 3649 1210 3694; x_wconf 81' lang='lat' dir='ltr'>ex</span> <span class='ocrx_word' id='word_1_256' title='bbox 1234 3630 1303 3710; x_wconf 90' lang='lat' dir='ltr'>qui-</span> 
     </span>
     <span class='ocr_line' id='line_1_36' title="bbox 101 3711 1303 3798; baseline 0.001 -17"><span class='ocrx_word' id='word_1_257' title='bbox 101 3790 104 3796; x_wconf 24' lang='lat'>,</span> <span class='ocrx_word' id='word_1_258' title='bbox 137 3719 194 3782; x_wconf 87' lang='lat' dir='ltr'>bus</span> <span class='ocrx_word' id='word_1_259' title='bbox 217 3711 425 3798; x_wconf 91' lang='lat' dir='ltr'>praevidendi</span> <span class='ocrx_word' id='word_1_260' title='bbox 446 3717 534 3782; x_wconf 88' lang='lat' dir='ltr'>locus</span> <span class='ocrx_word' id='word_1_261' title='bbox 557 3725 641 3781; x_wconf 90' lang='lat' dir='ltr'>esset</span> <span class='ocrx_word' id='word_1_262' title='bbox 664 3736 753 3795; x_wconf 88' lang='lat' dir='ltr'>nova,</span> <span class='ocrx_word' id='word_1_263' title='bbox 778 3717 998 3797; x_wconf 88' lang='lat' dir='ltr'>prioribusque</span> <span class='ocrx_word' id='word_1_264' title='bbox 1021 3716 1158 3796; x_wconf 88' lang='lat' dir='ltr'>majora,</span> <span class='ocrx_word' id='word_1_265' title='bbox 1193 3719 1303 3784; x_wconf 92' lang='lat' dir='ltr'>unioni</span> 
     </span>
     <span class='ocr_line' id='line_1_37' title="bbox 136 3803 491 3871; baseline 0 -1"><span class='ocrx_word' id='word_1_266' title='bbox 136 3805 301 3871; x_wconf 89' lang='lat' dir='ltr'>obstacula</span> <span class='ocrx_word' id='word_1_267' title='bbox 324 3803 491 3870; x_wconf 88' lang='lat' dir='ltr'>afferenda.</span> 
     </span>
    </p>

    <p class='ocr_par' dir='ltr' id='par_1_10' title="bbox 134 3891 1303 4150">
     <span class='ocr_line' id='line_1_38' title="bbox 243 3891 1303 3972; baseline 0 -15"><span class='ocrx_word' id='word_1_268' title='bbox 243 3901 275 3957; x_wconf 77' lang='grc' dir='ltr'>2ο</span> <span class='ocrx_word' id='word_1_269' title='bbox 307 3893 571 3958; x_wconf 87' lang='lat' dir='ltr'>Permitterentur</span> <span class='ocrx_word' id='word_1_270' title='bbox 605 3891 818 3956; x_wconf 88' lang='lat' dir='ltr'>Orientalibus</span> <span class='ocrx_word' id='word_1_271' title='bbox 850 3891 932 3956; x_wconf 88' lang='lat' dir='ltr'>ritus</span> <span class='ocrx_word' id='word_1_272' title='bbox 965 3891 1029 3970; x_wconf 90' lang='lat' dir='ltr'>sui,</span> <span class='ocrx_word' id='word_1_273' title='bbox 1064 3891 1303 3972; x_wconf 87' lang='lat' dir='ltr'>prudenterque</span> 
     </span>
     <span class='ocr_line' id='line_1_39' title="bbox 135 3979 1303 4062; baseline -0.002 -18"><span class='ocrx_word' id='word_1_274' title='bbox 135 3983 291 4045; x_wconf 82' lang='lat' dir='ltr'>vitaretur</span> <span class='ocrx_word' id='word_1_275' title='bbox 314 3981 465 4062; x_wconf 91' lang='lat' dir='ltr'>quidquid</span> <span class='ocrx_word' id='word_1_276' title='bbox 500 3980 610 4044; x_wconf 84' lang='lat' dir='ltr'>falsam</span> <span class='ocrx_word' id='word_1_277' title='bbox 635 3981 871 4060; x_wconf 89' lang='lat' dir='ltr'>persuasionem</span> <span class='ocrx_word' id='word_1_278' title='bbox 904 3979 952 4043; x_wconf 89' lang='lat' dir='ltr'>vel</span> <span class='ocrx_word' id='word_1_279' title='bbox 982 3980 1192 4060; x_wconf 87' lang='lat' dir='ltr'>suspicionem</span> <span class='ocrx_word' id='word_1_280' title='bbox 1222 3979 1303 4060; x_wconf 77' lang='lat' dir='ltr'>ipsis</span> 
     </span>
     <span class='ocr_line' id='line_1_40' title="bbox 134 4066 1303 4150; baseline -0.003 -18"><span class='ocrx_word' id='word_1_281' title='bbox 134 4069 276 4150; x_wconf 80' lang='lat' dir='ltr'>ingerere</span> <span class='ocrx_word' id='word_1_282' title='bbox 297 4076 405 4150; x_wconf 88' lang='lat' dir='ltr'>posset</span> <span class='ocrx_word' id='word_1_283' title='bbox 428 4069 520 4150; x_wconf 93' lang='lat' dir='ltr'>quod,</span> <span class='ocrx_word' id='word_1_284' title='bbox 546 4069 572 4131; x_wconf 90' lang='lat' dir='ltr'>si</span> <span class='ocrx_word' id='word_1_285' title='bbox 588 4069 747 4149; x_wconf 89' lang='lat' dir='ltr'>uniantur,</span> <span class='ocrx_word' id='word_1_286' title='bbox 771 4068 812 4131; x_wconf 90' lang='lat' dir='ltr'>ad</span> <span class='ocrx_word' id='word_1_287' title='bbox 834 4066 1070 4147; x_wconf 89' lang='lat' dir='ltr'>amplectendos</span> <span class='ocrx_word' id='word_1_288' title='bbox 1085 4067 1203 4131; x_wconf 86' lang='lat' dir='ltr'>latinos</span> <span class='ocrx_word' id='word_1_289' title='bbox 1219 4066 1303 4130; x_wconf 80' lang='lat' dir='ltr'>ritus</span> 
     </span>
    </p>
   </div>
   <div class='ocr_carea' id='block_1_10' title="bbox 134 4157 1303 4324">
    <p class='ocr_par' dir='ltr' id='par_1_11' title="bbox 134 4157 1303 4324">
     <span class='ocr_line' id='line_1_41' title="bbox 134 4157 310 4222; baseline 0.011 -2"><span class='ocrx_word' id='word_1_290' title='bbox 134 4157 310 4222; x_wconf 67' lang='lat' dir='ltr'>adieentur.</span> 
     </span>
     <span class='ocr_line' id='line_1_42' title="bbox 187 4204 1303 4324; baseline -0.005 -15"><span class='ocrx_word' id='word_1_291' title='bbox 187 4204 205 4237; x_wconf 55' lang='grc' dir='ltr'>Ο</span> <span class='ocrx_word' id='word_1_292' title='bbox 240 4251 273 4309; x_wconf 82' lang='lat'>3⁰</span> <span class='ocrx_word' id='word_1_293' title='bbox 294 4246 389 4323; x_wconf 86' lang='lat' dir='ltr'>Item,</span> <span class='ocrx_word' id='word_1_294' title='bbox 414 4245 446 4308; x_wconf 94' lang='lat' dir='ltr'>in</span> <span class='ocrx_word' id='word_1_295' title='bbox 473 4245 613 4324; x_wconf 92' lang='lat' dir='ltr'>ipsorum</span> <span class='ocrx_word' id='word_1_296' title='bbox 646 4242 811 4323; x_wconf 87' lang='lat' dir='ltr'>disciplina</span> <span class='ocrx_word' id='word_1_297' title='bbox 839 4242 1054 4306; x_wconf 82' lang='lat' dir='ltr'>tolerarentur·</span> <span class='ocrx_word' id='word_1_298' title='bbox 1085 4239 1192 4305; x_wconf 92' lang='lat' dir='ltr'>omnia</span> <span class='ocrx_word' id='word_1_299' title='bbox 1215 4256 1303 4322; x_wconf 83' lang='lat' dir='ltr'>quae</span> 
     </span>
    </p>
   </div>
   <div class='ocr_carea' id='block_1_11' title="bbox 133 4329 1303 4414">
    <p class='ocr_par' dir='ltr' id='par_1_12' title="bbox 133 4329 1303 4414">
     <span class='ocr_line' id='line_1_43' title="bbox 133 4329 1303 4414; baseline -0.003 -18"><span class='ocrx_word' id='word_1_300' title='bbox 133 4334 251 4414; x_wconf 89' lang='lat' dir='ltr'>absque</span> <span class='ocrx_word' id='word_1_301' title='bbox 278 4332 455 4397; x_wconf 89' lang='lat' dir='ltr'>divinarum</span> <span class='ocrx_word' id='word_1_302' title='bbox 477 4331 674 4395; x_wconf 89' lang='lat' dir='ltr'>sanctionum</span> <span class='ocrx_word' id='word_1_303' title='bbox 691 4329 828 4394; x_wconf 88' lang='lat' dir='ltr'>laesione</span> <span class='ocrx_word' id='word_1_304' title='bbox 844 4329 974 4395; x_wconf 88' lang='lat' dir='ltr'>tolerari</span> <span class='ocrx_word' id='word_1_305' title='bbox 986 4334 1136 4411; x_wconf 80' lang='lat' dir='ltr'>possuut3</span> <span class='ocrx_word' id='word_1_306' title='bbox 1160 4330 1303 4393; x_wconf 83' lang='lat' dir='ltr'>maxime</span> 
     </span>
    </p>
   </div>
   <div class='ocr_carea' id='block_1_12' title="bbox 0 0 1440 4874">
    <p class='ocr_par' dir='ltr' id='par_1_13' title="bbox 0 0 1440 4874">
     <span class='ocr_line' id='line_1_44' title="bbox 0 0 1440 4874; baseline 0 5"><span class='ocrx_word' id='word_1_307' title='bbox 0 0 1440 4874; x_wconf 95' lang='lat' dir='ltr'> </span> 
     </span>
    </p>
   </div>
  </div>
 </body>
</html>
