2872 4874
590 350 630 397 D!
654 351 834 399 DISCIPLINA.

620 542 757 608 CAPUT
779 544 820 608 11.
926 635 929 639 ,

581 701 632 767 De
654 701 856 766 Rest'dentt'o.

116 834 144 879 ἦ
248 839 302 905 Sed
317 842 394 922 quia
410 859 467 906 suo
483 860 619 917 munere,
644 843 690 905 uti
714 861 773 922 par
788 853 845 918 est,
870 840 958 922 iungi
974 840 1123 922 Episcopi
1138 847 1300 922 nequeunt

116 924 138 1001 ἶ·
179 927 213 991 rili
227 928 254 991 in
268 928 411 993 Dioecesi
427 940 668 1009 commorentur,
693 930 882 994 residentiae
902 928 1002 1008 legem
1027 928 1058 992 in
1082 931 1180 993 sacris
1196 927 1300 993 Cano·

178 1015 235 1080 ulus
260 1017 442 1098 saepissime
464 1017 655 1082 inculcatam
684 1036 737 1082 eos
769 1035 896 1081 servare
925 1034 1053 1081 necesse
1077 1024 1136 1079 est.
1189 1017 1299 1097 Itaque

122 1128 128 1139 ·
175 1118 245 1168 mnes
264 1103 541 1185 patriarchalibus
570 1105 814 1186 primatialibus,
853 1104 1108 1184 metropolitanis
1135 1111 1169 1168 et
1192 1104 1299 1168 cathe-

120 1185 135 1213 “”
173 1188 275 1256 balbus
296 1191 448 1256 Ecclesiis
471 1193 732 1274 quibuscumque.
763 1209 961 1274 quocumque
989 1193 1114 1255 nornine
1138 1198 1171 1256 et
1192 1191 1296 1269 titulo,

170 1277 301 1360 praelecti,
335 1282 432 1345 etiarn
463 1282 490 1345 si
518 1280 550 1345 S.
573 1280 609 1346 R.
639 1279 676 1345 E.
709 1279 895 1344 Cardindles
923 1282 1000 1356 sint,
1034 1280 1234 1343 meminerint
1265 1296 1298 1345 se

157 1363 267 1446 ollgari
294 1368 337 1432 ad
363 1367 563 1448 personalem
586 1369 617 1431 in
646 1386 705 1432 sua
733 1367 876 1432 Ecclesia
905 1367 955 1430 vei
982 1368 1126 1432 Dioecesi
1160 1366 1300 1432 residen-

116 1484 118 1489 ’
168 1453 226 1531 bn
246 1455 300 1518 ubi
321 1455 466 1535 iniuncto
480 1457 540 1521 sibi
563 1453 664 1520 officio
688 1454 817 1537 defungi
839 1463 1016 1519 teneantur.
1063 1454 1097 1519 Si
1120 1456 1190 1536 quis
1213 1473 1297 1534 vero,

166 1549 356 1624 praeterquam
386 1558 484 1607 eausa
504 1545 694 1608 visitationis
724 1561 886 1608 sacrorum
916 1543 1088 1621 liminum,
1121 1542 1172 1607 vel
1199 1542 1300 1624 Syno-

165 1627 244 1693 lomnr
266 1630 524 1708 Prouincialium,
550 1631 635 1696 ultra
668 1632 761 1707 duos,
795 1631 846 1694 vel
870 1631 911 1694 ad
935 1648 1091 1694 summum
1123 1638 1188 1694 tres
1212 1632 1298 1694 intra

164 1734 249 1781 arnum
263 1736 401 1797 menses,
417 1719 484 1783 sive
500 1721 675 1797 continuos,
699 1720 765 1782 sive
785 1721 989 1798 interruptos,
1013 1720 1132 1798 absque
1148 1736 1300 1798 expressa

164 1801 229 1886 luins
249 1806 340 1871 Sedis
364 1806 572 1886 Apostobcae,
603 1807 655 1871 vel
682 1807 731 1870 sui
754 1807 959 1870 Patriarchae
988 1807 1093 1887 quoad
1123 1805 1298 1887 Episcopos

164 1892 218 1956 ritus
236 1893 413 1972 orientalis,
436 1893 576 1971 licentia,
598 1895 694 1958 etiarn
717 1912 755 1957 ex
780 1896 883 1958 causis
906 1896 985 1957 alias
1008 1911 1028 1956 a
1047 1891 1119 1971 jnre
1141 1894 1297 1972 admissis,

167 1996 227 2055 aaa
240 1981 388 2046 Dioecesi
410 1980 556 2060 abfuerit,
581 2000 672 2046 sacro
688 1981 746 2046 boc
766 1982 964 2062 approbante
980 1978 1129 2060 Concilio,
1154 1981 1298 2046 volumus

128 2096 140 2143 ·,
170 2068 403 2147 etleclaramus,
438 2087 524 2147 eum,
548 2076 676 2150 praeter
706 2069 850 2133 mortalis
884 2070 1009 2149 peccati
1037 2075 1180 2146 reatum,
1204 2086 1296 2149 quem

167 2153 272 2236 brurit',
297 2174 356 2239 pro
379 2162 454 2220 rata
484 2158 636 2238 temporis
666 2158 830 2222 absentiae
860 2157 982 2220 reditus
1012 2173 1139 2219 mensae
1164 2156 1295 2235 Episco-

162 2240 231 2321 ros,
252 2244 304 2309 vel
338 2245 392 2325 qui
415 2244 446 2308 in
476 2246 545 2326 ejus
568 2245 670 2309 locum
689 2243 811 2309 suffecti
836 2244 968 2322 fuerim,
999 2262 1073 2308 suos
1096 2261 1160 2307 non
1183 2244 1297 2322 lacere,

160 2345 199 2394 noc
217 2336 286 2396 tnta
308 2332 512 2411 couscientia,
537 2333 601 2396 alia
623 2335 722 2397 etiarn
746 2332 960 2396 declaratione
981 2350 1045 2395 non
1068 2338 1195 2410 secuta,
1224 2329 1295 2395 illos
1349 2408 1353 2415 ‚

157 2416 198 2481 ribi
216 2419 357 2484 detinere
372 2437 483 2500 posse,
507 2421 563 2484 sed
586 2421 689 2485 teneri
713 2419 783 2485 illos
799 2419 939 2484 fabricae
953 2419 1123 2495 Ecclesiae,
1148 2426 1204 2483 aut
1219 2437 1303 2499 paum

154 2505 259 2584 peribus
275 2506 336 2572 loci
353 2524 495 2589 erogare,
519 2507 649 2589 ipsoque
669 2515 822 2587 cessante,
848 2525 905 2588 per
927 2509 1123 2587 superiorem
1145 2506 1292 2571 ecciesia-

154 2591 245 2658 stitum
268 2594 366 2658 adid
389 2612 460 2659 esse
483 2596 670 2676 cogendum,
693 2596 855 2677 prohibita
869 2613 1067 2676 quacumque
1089 2594 1296 2659 conventione

116 2690 119 2777 g
152 2679 189 2744 rel
207 2682 447 2763 compositione,
481 2681 728 2764 quibuscumque
761 2684 857 2748 etiarn
889 2683 1075 2764 privilegiis,
1110 2684 1295 2762 cuicumque

152 2766 262 2851 collegm
284 2775 342 2834 aut
364 2768 505 2835 fabricae
519 2772 685 2848 concessis,
711 2788 775 2835 non
797 2772 1007 2836 obstantibus,
1054 2771 1173 2848 Quodsi
1190 2770 1295 2834 tribus

150 2857 290 2922 nendbus
313 2857 400 2922 ultra
421 2876 587 2923 concessos
610 2861 723 2922 absens
746 2858 854 2937 fuerit,
892 2856 1154 2938 Metropolitanus
1177 2855 1295 2921 Suffra-

149 2959 265 3021 ganeum
289 2944 481 3027 Episcopum
511 2947 692 3024 absentem,
723 2946 1002 3026 Metropolitanum
1030 2963 1105 3009 vero
1133 2947 1296 3010 absentem

148 3026 355 3115 Sullragnneus
370 3033 546 3115 Episcopus
568 3035 728 3114 antiquior
750 3034 892 3098 residens
916 3032 1078 3097 huic-Sedi
1092 3033 1296 3114 Apostolieae

148 3116 322 3186 denunciare
353 3129 514 3199 teneatur,
546 3139 628 3202 quae
654 3123 687 3185 in
711 3123 797 3202 ipsos
830 3124 993 3199 absentes,
1025 3127 1119 3200 prout
1142 3123 1296 3202 cujusque

144 3208 230 3290 major
258 3218 317 3273 aut
349 3210 452 3273 minor
485 3209 578 3290 culpa
609 3213 761 3288 exegerit,
797 3209 1042 3286 animadvertat,
1072 3214 1168 3289 atque
1199 3209 1295 3273 etiam

141 3291 286 3361 Ecclesiis
307 3297 385 3376 ipsis
408 3297 447 3360 de
480 3296 660 3361 utilioribus
686 3298 828 3377 personis
860 3297 1034 3376 provideat,
1064 3297 1147 3360 sicut
1175 3297 1209 3359 in
1232 3296 1295 3362 Do-

138 3383 213 3449 nino
248 3385 376 3449 noverit
406 3384 575 3449 salubriter
608 3385 763 3464 expedire.
817 3384 944 3448 Nostris
981 3402 1104 3464 quoque
1136 3391 1168 3447 et
1199 3383 1295 3467 hujus

134 3471 332 3553 apostolicae
354 3470 445 3536 Sedis
461 3471 586 3536 Nuntiis
610 3474 675 3536 sive
701 3472 860 3553 Delegatis
884 3473 942 3536 hoc
966 3473 1048 3535 idem
1066 3472 1296 3536 demandamus

131 3565 161 3626 et
181 3560 386 3642 injungimus,
410 3559 464 3623 ubi
487 3561 573 3624 intra
596 3561 734 3641 ipsorum
755 3559 966 3624 Nuntiaturae
989 3561 1055 3623 sive
1079 3560 1294 3641 Delegationis

128 3645 206 3712 rinos
230 3647 346 3726 aliquis
370 3646 555 3728 Episcopus,
578 3665 634 3711 seu
657 3647 808 3728 Superior
829 3647 996 3712 Praelatus
1028 3648 1143 3712 existat
1167 3649 1220 3726 qui
1243 3665 1294 3711 ca-

128 3736 261 3801 nonicas
285 3734 373 3816 leges
395 3734 454 3799 bac
484 3736 516 3798 in
538 3741 630 3814 parte
652 3735 773 3799 violare
805 3735 1052 3817 dignoscatur.¹)
1098 3734 1134 3798 In
1157 3735 1196 3798 iis
1219 3751 1294 3797 vero

124 3824 243 3904 quibus
268 3840 327 3904 per
341 3839 492 3903 praesens
508 3823 679 3887 Decretum
703 3823 890 3903 derogatum
914 3842 977 3887 non
1000 3828 1056 3900 est,
1080 3839 1216 3902 eaquae
1236 3839 1295 3901 per

123 3917 366 3978 sacrosanctam
377 3908 594 3974 Tridentinam
611 3908 812 3992 Synodurr'r,²)
830 3917 862 3973 et
874 3910 1137 3975 Praedecessores
1150 3908 1292 3986 Nostros,

122 4017 165 4066 ac
180 3998 373 4081 praesertim
396 3995 447 4061 iel.
476 4015 538 4062 rec.
562 3997 727 4062 Urbanum
752 3997 857 4081 VIH³)
885 4005 919 4062 et
947 3997 1153 4061 Benedictum
1176 3995 1299 4078 XIV,⁴)

239 4154 261 4221 ¹]
280 4151 385 4207 Bened.
404 4153 478 4210 XIV.
497 4152 591 4207 Const.
609 4153 656 4205 Ad
675 4154 820 4206 universae
839 4157 864 4208 3.
884 4153 959 4221 Sept.
976 4156 1056 4210 1746.

236 4225 257 4330 I)
277 4223 650 4348 IIIIrsItXAErIIIocffaIdIres
663 4221 789 4347 IIIf’Dec
819 4296 886 4347 1634

207 4434 211 4449 ,
237 4305 261 4434 ‘I
282 4363 336 4418 eit.
357 4333 451 4417 (Ionst
470 4362 517 4415 Ad
535 4311 713 4416 rIoioersoo.⁸
791 4337 798 4350 .
888 4337 895 4350 .
