2872 4874
135 337 198 399 146
638 349 807 434 msnuuarr

134 491 205 556 cilio
227 489 419 555 laudabilem
441 488 529 553 illam
550 488 786 569 salutaremque
805 488 928 570 praxim
951 486 1176 566 commendari,
1201 491 1227 552 at

133 579 167 643 in
190 578 337 643 universa
358 577 498 658 praecipi
519 575 671 642 Ecclesia.

239 665 376 729 Maxime
406 665 503 729 etiam
534 664 712 728 laudandae
735 667 767 728 et
794 662 1066 727 commendandae
1095 667 1204 727 essent

131 753 219 834 jones
240 752 317 817 illae
346 751 529 817 catecheses
552 773 573 815 o
594 750 843 816 Perscoeroub'o
865 755 1080 832 nuncupatae,
1113 751 1148 814 in
1171 750 1227 831 qui

133 846 206 922 post
227 841 363 923 primam
378 840 528 921 synaxim,
549 841 701 922 juventus
718 839 893 903 doctrinam
910 836 1132 918 Christianam,
1157 839 1227 920 plur

135 928 236 1008 annis,
269 927 364 992 altius
386 926 574 1009 pleniusque
605 926 719 1006 ebibit,
752 931 784 991 et
808 926 850 990 ad
883 945 990 991 veram
1015 924 1213 1007 solidamque

134 1021 235 1081 tatem
257 1013 411 1080 efficacius
435 1011 630 1080 efformatur:
659 1015 737 1078 item
771 1020 803 1078 et
825 1013 899 1078 illae
922 1014 1031 1078 variae
1051 1012 1227 1079 adolescent

136 1110 170 1168 et
188 1104 341 1186 juvenum
364 1102 540 1181 societates,
565 1102 624 1166 sub
646 1102 743 1166 variis
765 1099 874 1166 formis
896 1108 929 1166 et
949 1101 1111 1168 vocabulis
1134 1102 1227 1166 instit·

135 1189 290 1273 (Ocourcs
313 1190 352 1255 de
374 1189 538 1269 Jcoraessc,
562 1188 701 1256 &cletas
716 1189 754 1254 dc
768 1195 953 1272 purouoqc,
972 1188 1095 1254 Ceratas
1117 1189 1227 1271 rcttqic

139 1277 195 1342 ubi
223 1277 373 1360 juvenilis
407 1282 512 1357 aetas,
545 1277 686 1342 honestis
717 1276 965 1342 relaxationibus
988 1277 1120 1356 allecta,
1151 1277 1227 1359 perit

135 1364 337 1447 voluptatum
360 1365 610 1445 societatumque
632 1365 862 1429 mundanarum
880 1364 1015 1430 feliciter
1038 1366 1181 1446 eripitur,
1205 1364 1227 1429 si

136 1458 169 1517 et
202 1471 259 1535 per
281 1453 335 1534 pia
357 1451 515 1534 quaedam
536 1453 696 1532 exercitia,
721 1452 972 1533 christianusque
1002 1453 1227 1518 adhortationes

136 1541 188 1605 via
210 1540 364 1605 virtutum
388 1547 420 1604 et
444 1540 554 1606 salutis
579 1541 727 1622 dirigitur
750 1545 782 1604 et
804 1537 960 1617 firmatur.
985 1613 988 1617 ,
1062 1565 1071 1573 -

577 1749 629 1814 Dc
651 1749 864 1833 regularibus.

242 1890 333 1956 Circa
354 1890 531 1971 regulareS,
563 1891 617 1970 qui
639 1907 714 1971 pars
736 1895 804 1954 tam
826 1890 940 1954 nobilis
969 1895 1001 1954 et
1024 1895 1091 1954 tam
1115 1889 1199 1954 utilis
1219 1905 1227 1952 s

135 1978 309 2059 Ecclesiae,
343 1979 435 2044 modo
457 1977 629 2043 secundum
656 1982 760 2042 status
783 1977 834 2042 sui
855 1976 1083 2060 perfectionem
1106 1984 1139 2042 et
1162 1977 1227 2058 vigo:

134 2074 245 2133 sancte
278 2068 401 2147 vivant,
437 2065 587 2130 nonnulla
617 2066 787 2130 statuenda
820 2065 1018 2146 viderentur,
1053 2084 1187 2146 quorum
1216 2062 1227 2127 l

134 2173 320 2237 praecipua:
1033 2209 1037 2214 .

241 2242 440 2308 Suadeantur
463 2244 495 2304 et
517 2239 748 2306 admoneantur
775 2258 882 2305 omues
904 2239 1054 2321 Religiosi
1077 2240 1216 2318 Ordines

136 2329 182 2395 illi
204 2331 340 2398 maxime
361 2329 424 2409 qui,
452 2328 492 2393 de
515 2346 594 2392 novo
617 2326 755 2408 fundati,
785 2327 837 2392 vel
859 2333 1071 2407 renascentes,
1101 2325 1227 2409 perleui<

134 2418 235 2484 simae
258 2415 430 2481 tentationi
460 2415 552 2480 eitius
575 2415 738 2479 crescendi
767 2415 893 2481 obnoxii
916 2433 985 2480 esse
1008 2421 1148 2497 possent,
1178 2421 1212 2479 ut

133 2503 440 2586 cumspectissimam
471 2508 503 2567 et
534 2503 768 2568 severissimam
800 2503 1008 2569 attentionem
1039 2503 1189 2570 adhibere
1217 2521 1227 2567 1

134 2609 231 2672 quam
254 2593 405 2655 omittant
427 2590 461 2655 in
484 2589 675 2655 discretione
702 2596 736 2655 et
758 2590 913 2656 eloctione
942 2591 1141 2656 subditorum
1164 2592 1216 2673 qui

133 2677 293 2743 adsociari
315 2677 488 2759 postulant.
510 2714 554 2724 -
576 2677 757 2743 Novitiatus
781 2697 818 2743 eo
840 2678 1048 2743 instituantur
1071 2683 1102 2743 et
1118 2679 1227 2762 dirigar

134 2765 239 2845 modo,
265 2771 298 2831 et
319 2767 366 2831 ita
390 2766 538 2830 diuturno
567 2770 710 2846 tempore
732 2766 971 2848 protrahantur,
999 2772 1035 2831 ut
1058 2767 1213 2848 aptissimi

133 2853 177 2918 ad
199 2851 425 2918 efformaudam
447 2854 585 2921 indolem
603 2854 792 2936 religiosam,
818 2859 849 2919 et
872 2854 1072 2919 instillandas
1095 2873 1132 2919 ac
1158 2872 1227 2920 exoa

137 2942 195 3006 das
217 2941 251 3005 in
266 2942 393 3008 novitiis
416 2959 524 3007 omnes
539 2943 673 3007 virtutes
698 2942 905 3025 evangelicas,
930 2943 1043 3024 quibus
1059 2961 1214 3023 personae

136 3029 261 3095 dicatae
286 3029 406 3113 pollere
430 3029 556 3096 debent.
575 3066 614 3076 —
631 3030 721 3109 Item,
746 3036 779 3096 et
801 3036 873 3112 post
900 3031 1046 3095 omissam
1063 3029 1228 3112 professior

136 3118 263 3199 aptiora
298 3135 441 3199 quaeque
478 3117 691 3197 adhibeantur
728 3123 761 3182 et
795 3117 995 3183 cumulentur
1028 3118 1146 3199 media,
1185 3137 1227 3201 qu

135 3204 266 3270 caedem
288 3206 423 3270 virtutes
446 3205 567 3270 servari
582 3210 678 3286 atque
699 3202 808 3286 perfici
829 3205 966 3286 valeant,
991 3212 1023 3270 et
1046 3206 1073 3270 si
1090 3224 1170 3288 opus
1193 3205 1226 3271 fu

134 3293 368 3374 promptissime
390 3293 534 3373 reparari
556 3293 689 3375 possint.

208 3385 215 3392 ’
239 3380 330 3445 Haec
352 3397 456 3461 porro,
481 3381 542 3444 etsi
568 3381 713 3446 omnibus
734 3379 947 3462 Regularibus
970 3382 1157 3462 communia,
1182 3389 1216 3448 at

134 3467 271 3533 maxime
299 3467 481 3533 neccssaria
516 3485 585 3532 esse
617 3467 734 3550 liquet,
769 3468 823 3549 qui
852 3469 989 3534 externis
1020 3471 1103 3540 sacri
1131 3471 1227 3537 minis

137 3555 285 3637 operibus
302 3555 457 3636 occupati,
481 3554 625 3635 pluribus
641 3555 849 3637 undequaque
871 3560 984 3637 patent
999 3556 1227 3640 relaxationis]

135 3643 223 3722 culis,
248 3648 289 3721 et,
313 3643 341 3707 si
363 3661 382 3706 a
405 3648 508 3706 status
531 3643 581 3708 sui
602 3643 786 3725 integritate
802 3641 981 3722 defecerint,
1005 3646 1127 3728 majora
1149 3664 1227 3711 scan

133 3729 298 3795 Ecclesiae
319 3730 507 3812 ingenerare
536 3737 679 3812 possunt.
734 3730 949 3807 Quamobrem
971 3732 1083 3798 horum
1112 3752 1227 3814 praese

135 3816 289 3883 Ordinum
323 3822 354 3883 ct
377 3817 598 3883 Institutorum
620 3817 807 3900 Superiores
837 3820 1081 3900 prudentissime
1105 3839 1227 3887 cavean⁴

135 3906 340 3971 admittendis
361 3905 423 3971 illis
439 3906 666 3986 sacerdotibus,
690 3906 741 3971 vel
757 3907 879 3971 clericis
903 3909 956 3989 qui
979 3909 1081 3972 minus
1098 3910 1185 3992 digni
1208 3926 1227 3974 s

133 3993 307 4058 ministerio
330 3994 364 4057 in
394 3992 591 4059 dioecesibus
615 3999 649 4058 et
680 3993 858 4059 seminariis
881 3993 982 4060 habiti
1004 4000 1092 4077 sunt,
1128 4003 1161 4062 et
1183 4014 1227 4078 qu

136 4080 272 4163 saepius,
297 4081 324 4145 si
347 4080 461 4146 desua
483 4098 557 4146 vere
572 4081 676 4146 salute
691 4081 818 4147 solliciti
838 4081 939 4147 uitam
954 4082 1136 4166 religiosam
1153 4102 1227 4167 amp

134 4169 248 4250 velint,
280 4169 472 4234 claustratae
502 4169 607 4251 potius
638 4174 671 4234 et
692 4170 892 4251 poenitentes
921 4170 1089 4253 religiones
1116 4171 1227 4239 suadet

134 4262 219 4334 sunt,
244 4274 339 4338 quum
367 4256 442 4322 illae
465 4273 599 4338 quorum
622 4256 753 4336 subditi,
786 4262 877 4322 extra
900 4257 1041 4324 claustra
1070 4265 1108 4325 ut
1129 4259 1227 4341 plun‘n

133 4344 295 4427 degentes,
311 4349 344 4409 et
358 4344 540 4426 vigilantiae
556 4344 755 4426 superiorum
770 4346 935 4427 subtracti,
951 4347 1180 4428 praedicationi
1195 4348 1227 4414 ul
