2872 4874
197 306 232 386 8;
589 321 780 387 constructio
803 322 976 373 noourmcr

196 461 322 529 etiamsi
344 480 400 544 per
423 461 613 527 charitatem
635 480 699 526 non
721 466 881 544 operetur,
906 463 1023 529 donum
1046 463 1107 528 Dei
1129 470 1191 545 est,
1215 471 1248 533 et
1270 472 1365 532 actus

197 550 265 633 ejus
288 553 337 615 est
359 568 438 632 opus
460 550 502 615 ad
524 549 658 614 salutem
680 550 851 631 pertinens,
874 569 936 632 quo
952 550 1045 617 homo
1060 551 1195 618 liberam
1217 559 1366 636 praestat

195 636 256 719 ipsi
280 636 348 703 Deo
371 637 596 716 obedientiam,
626 637 748 719 gratiae
771 637 855 718 eins,
886 639 937 703 cui
959 640 1108 705 resistere
1131 648 1255 723 posset,
1291 662 1364 708 con-

197 725 364 793 sentiendo
386 729 418 790 et
442 725 649 807 cooperando.

302 812 401 885 Porro
424 811 486 878 lide
509 812 615 879 divina
638 819 670 880 et
697 814 856 880 cathohca
890 833 928 879 ea
959 814 1064 879 omnia
1092 816 1252 882 credenda
1278 824 1364 895 sunt,

196 919 278 983 quae
300 902 334 965 in
349 902 445 967 verbo
461 901 521 966 Dei
544 901 661 983 scripto
678 901 727 966 vel
742 902 861 975 tradito
877 903 1088 982 continentur,
1112 909 1145 969 et
1165 903 1205 968 ab
1221 905 1365 971 Ecclesia

197 990 262 1055 sive
296 989 429 1055 solemni
458 989 577 1071 judicio
612 991 691 1071 sive,
710 991 870 1055 ordinario
905 996 938 1056 et
971 990 1144 1056 universali
1178 994 1367 1074 magisterio

195 1082 360 1159 tamquam
384 1077 534 1142 divinitus
556 1077 698 1142 revelata
721 1078 880 1142 credenda
903 1085 1132 1159 proponuntur.

302 1164 457 1242 Quoniam
479 1181 556 1230 vero
579 1166 647 1230 sine
680 1162 743 1230 fide
767 1166 960 1247 impossihile
982 1172 1032 1232 est
1061 1166 1188 1247 placere
1213 1168 1297 1247 Deo,
1333 1173 1366 1232 et

197 1252 239 1317 ad
269 1251 406 1317 liliorum
437 1254 505 1335 ejus
536 1254 726 1318 consortium
757 1254 937 1335 pervenire3
972 1254 1044 1320 ideo
1073 1255 1193 1321 nemini
1222 1273 1364 1337 unquam

197 1340 265 1406 sine
288 1340 344 1404 illa
359 1340 493 1422 contigit
512 1339 709 1423 justificatio
734 1359 791 1406 nec
806 1342 900 1421 ullus,
924 1342 985 1406 nisi
1005 1341 1039 1406 in
1055 1361 1093 1407 ea
1108 1345 1365 1424 perseveraverit

195 1445 295 1509 usque
318 1429 351 1492 in
373 1427 483 1508 finem,
513 1429 613 1493 vitam
635 1433 796 1494 aeternam
818 1436 1015 1510 assequetur.
1062 1431 1107 1496 Ut
1130 1436 1237 1496 autern
1261 1430 1366 1496 officio

196 1534 306 1581 veram
337 1515 434 1582 fidem
464 1516 691 1598 amplectendi,
727 1518 760 1581 in
790 1537 889 1599 eaque
924 1524 1110 1583 constanter
1139 1520 1366 1600 perseverandi

197 1603 382 1668 satisfacere
404 1622 583 1685 possemne,
616 1607 702 1670 Deus
731 1623 789 1685 per
812 1603 934 1670 'Filium
957 1624 1049 1670 suum
1080 1607 1278 1688 unigenitum
1303 1607 1366 1672 Ec-

197 1691 325 1756 clesiam
348 1693 493 1772 instituit,
519 1711 658 1774 suaeque
680 1694 888 1759 institutionis
904 1693 1080 1758 manifestis
1095 1695 1178 1759 notis
1201 1695 1361 1775 instruxit,

133 1781 137 1792 '
196 1785 234 1844 ut
257 1798 296 1844 ea
318 1784 481 1863 tamquam
505 1786 612 1847 custos
636 1787 668 1846 et
689 1783 843 1863 magistra
875 1782 965 1847 verbi
995 1781 1128 1846 revelati
1156 1781 1197 1846 ab
1221 1783 1366 1848 omnibus

197 1874 305 1950 posset
328 1870 466 1950 agnosci.
512 1869 562 1934 Ad
585 1870 685 1935 solam
708 1870 791 1934 enim
814 1869 1002 1935 catholicam
1025 1868 1202 1953 Ecclesiam
1230 1889 1269 1934 ea
1291 1889 1366 1952 per·-

197 1957 301 2021 tinent
323 1958 436 2035 omnia,
461 1976 544 2038 qnae
566 1958 608 2022 ad
631 1959 809 2023 evidentem
825 1956 898 2022 fidei
913 1958 1103 2023 christianae
1119 1958 1365 2023 credibilitatem

196 2048 264 2108 tam
286 2045 387 2109 multa
410 2052 442 2110 et
465 2050 532 2110 tam
554 2047 635 2110 mira
658 2046 822 2111 divinitusv
838 2050 913 2112 sunt
940 2047 1105 2128 disposita.
1153 2046 1236 2124 Quin
1267 2047 1366 2111 etiarn

196 2131 342 2198 Ecclesia
357 2151 415 2216 per
431 2152 465 2199 se
480 2134 558 2214 ipsa,
574 2134 614 2199 ob
629 2151 720 2198 snam
732 2153 848 2214 nempe
859 2134 1078 2201 admirabilem
1093 2134 1362 2216 propagationem,

197 2221 345 2286 eximiam
363 2222 570 2287 'sanctitatem
593 2227 627 2286 et
648 2220 867 2286 inexhaustam
891 2222 923 2285 in
948 2222 1093 2287 omnibus
1117 2221 1206 2285 bonis
1236 2219 1366 2285 foecun-

199 2308 350 2389 ditatem,
394 2310 434 2373 ob
468 2309 654 2374 catholicam
686 2309 856 2388 unitatem,
900 2310 1112 2390 invictamque
1146 2307 1363 2384 stabilitatem,

197 2415 348 2480 magnum
371 2396 528 2477 quoddam
554 2400 585 2460 et
607 2400 797 2478 perpetuum
820 2403 870 2461 est
903 2399 1055 2461 motivum
1084 2392 1304 2459 credibilitetis
1332 2398 1366 2456 et

184 2485 321 2551 'divinae
344 2501 423 2549 suae
445 2483 852 2564 legationistestimonium
875 2482 1102 2565 irrefragabile.

304 2571 373 2650 Quo
395 2570 441 2651 fit,
464 2576 501 2636 ut
523 2573 594 2654 ipsa
616 2571 715 2636 veluti
738 2571 864 2653 signum
887 2570 1025 2636 levatum
1048 2570 1082 2633 in
1104 2569 1249 2633 nationes
1268 2567 1310 2649 1),
1334 2572 1367 2631 et

198 2660 240 2726 ad
263 2677 298 2725 se
321 2659 448 2740 invitet,
473 2658 689 2741 qui'nondum
711 2659 928 2738 crediderunt,
960 2664 992 2741 et
1013 2657 1095 2723 filios
1118 2674 1191 2722 snos
1215 2657 1368 2720 certiores

198 2747 312 2827 iaciat,
344 2747 521 2814 firmissimo
556 2749 615 2813 niti
648 2746 854 2814 fundamento
889 2745 1001 2827 fidem,
1036 2763 1132 2827 quam
1165 2742 1368 2826 profitentur.

200 2834 260 2900 Cui
288 2835 415 2917 quidem
445 2836 628 2902 testimonio
660 2834 772 2901 efficax
799 2834 974 2901 subsidium
1004 2834 1128 2917 accedit
1159 2852 1198 2898 ex
1228 2849 1369 2913 superna

198 2924 326 2990 virtute.
372 2925 499 2989 Etenim
522 2925 763 3006 benignissimus
778 2926 931 2990 Dominus
955 2929 988 2988 et
1010 2926 1154 2987 errantes
1178 2920 1286 3002 gratia
1308 2937 1368 2983 sua

200 3012 317 3076 excitat
338 3016 433 3094 atque
455 3013 593 3096 adJuvat,
617 3018 654 3077 nt
677 3013 719 3078 ad
735 3013 929 3095 agnitionem
944 3011 1090 3077 veritatis
1105 3011 1212 3075 venire
1228 3007 1369 3089 possint;

201 3103 234 3165 et
257 3117 325 3182 eos,
349 3118 427 3181 quos
450 3101 490 3166 de
512 3101 654 3167 tenebris
677 3099 843 3166 transtulit
865 3102 900 3164 in
922 3098 1108 3164 admirabile
1137 3097 1244 3160 lumen
1266 3111 1368 3175 suum,

200 3188 234 3252 in
256 3186 317 3253 hoc
339 3189 450 3264 eodem
473 3189 592 3254 lumine
614 3193 651 3253 ut
665 3193 877 3270 perseverent,
901 3188 1006 3269 gratia
1027 3205 1088 3252 sua
1106 3183 1281 3263 confirmat,
1304 3197 1370 3246 non

202 3276 367 3357 deserens,
399 3277 460 3341 nisi
493 3279 666 3343 deseratur.
718 3276 873 3355 Quocirca
902 3275 1030 3338 minime
1059 3291 1119 3356 par
1149 3277 1200 3338 est
1230 3270 1369 3336 conditio

202 3378 328 3444 eorum,
363 3365 417 3446 qui
446 3383 504 3446 per
536 3365 674 3432 coeleste
702 3363 777 3430 fidei
807 3363 922 3429 donum
952 3361 1128 3427 catholicae
1155 3359 1284 3425 veritati
1313 3358 1370 3422 ad-

202 3451 386 3533 haeserunt,
411 3456 507 3533 atque
531 3470 648 3533 eorurn,
671 3453 725 3534 qui
748 3452 836 3518 ducti
858 3449 1058 3533 opinionibus
1078 3448 1233 3528 humanis,
1254 3444 1371 3510 lalsam

80 3552 93 3571 ·
202 3538 385 3620 religionem
408 3544 586 3622 sectantur3
616 3539 662 3604 illi
685 3541 781 3620 enim,
814 3540 868 3621 qui
890 3537 986 3603 fidem
1008 3537 1068 3602 sub
1089 3535 1252 3602 Ecclesiae
1274 3534 1374 3615 magi·

203 3628 300 3703 sterio
334 3634 560 3710 susceperunt,
596 3627 716 3693 nullam
755 3646 895 3709 unquam
932 3625 1051 3691 habere
1085 3629 1220 3706 possunt
1250 3622 1370 3702 justam

204 3732 333 3781 causam
366 3717 525 3797 mutandi,
562 3721 619 3782 aut
651 3715 685 3783 in
722 3716 852 3782 dubium
885 3713 979 3779 fidem
1015 3713 1160 3780 eamdem
1193 3708 1372 3774 revocandi.

204 3801 293 3882 Quae
315 3805 385 3870 cuni
408 3806 454 3870 ita
476 3806 555 3885 sint,
579 3806 698 3888 gratias
721 3809 853 3887 agentes
877 3804 945 3868 Deo
968 3801 1072 3882 Patri,
1101 3800 1156 3881 qui
1178 3798 1290 3877 dignos
1313 3813 1371 3860 nos

204 3891 280 3957 lecit
300 3893 335 3957 in
356 3897 481 3975 partem
503 3893 599 3959 sortis
622 3898 804 3959 sanctorum
818 3891 852 3956 in
867 3891 995 3969 lumine,
1018 3892 1142 3954 tantam
1165 3904 1207 3950 ne
1228 3884 1373 3967 negliga-

204 3988 275 4044 mus
289 3979 434 4059 salutem‚
449 3981 506 4046 sed
520 3979 708 4063 aspicientes
724 3980 756 4045 in
772 3984 935 4045 auctorem
951 3976 1024 4042 fidei
1036 3981 1069 4042 et
1084 3977 1371 4067 consummatorem

205 4065 326 4148 Jesum,
349 4073 515 4135 teneamus
539 4071 607 4151 spei
628 4074 758 4133 nostrae
780 4065 1009 4133 confessionem
1031 4060 1296 4128 indeclinabilem.

281 4281 303 4350 ¹)
322 4280 357 4334 lt.
376 4280 424 4334 XI.
445 4283 488 4334 12.
