2872 4874
617 352 811 403 coxsmromo
833 352 1004 401 ooouamon

705 596 841 663 CAPUT
864 598 904 663 ll.

267 740 318 805 De
341 739 564 819 Perpetaitnte
585 739 748 818 primatus
770 737 863 803 Petri
884 740 920 802 ia
943 737 1102 803 Romanis
1125 737 1345 820 Pontificibus,

329 878 420 955 Quod
444 884 551 942 autem
583 879 615 940 in
638 879 732 943 beato
756 877 908 958 Apostolo
931 879 1026 942 Petro
1058 880 1203 959 princeps
1226 886 1390 959 pastorum

223 974 256 1031 et
279 974 389 1046 pastor
412 983 547 1047 magnus
570 965 673 1029 ovium
697 966 852 1030 Dominus
869 964 1014 1031 Christus
1029 966 1123 1030 Jcsus
1146 967 1178 1030 in
1200 975 1391 1047 perpetuam

216 1054 361 1119 salutem
384 1072 420 1118 ac
435 1071 574 1135 perenne
596 1053 715 1117 bonum
730 1052 891 1117 Ecclesiae
913 1054 1059 1134 inst'tuit,
1083 1054 1116 1118 id
1131 1054 1242 1118 eodem
1259 1061 1391 1119 auctore

222 1144 255 1207 in
278 1140 432 1219 Ecclesia,
463 1158 544 1220 qnae
567 1139 700 1204 fundata
730 1159 826 1221 super
847 1146 972 1221 petram
1002 1139 1159 1205 adfinem
1191 1142 1390 1206 saeculorum

222 1246 322 1309 usque
344 1225 438 1292 firma
460 1228 568 1306 stabit,
588 1229 710 1310 jugiter
734 1228 849 1293 durare
872 1246 1002 1294 necesse
1025 1234 1083 1294 est.
1119 1228 1205 1293 Nulli
1228 1231 1310 1293 enim
1334 1230 1390 1293 du-

212 1317 318 1396 ·bium,
355 1316 418 1380 imo
442 1315 576 1380 saeculis
599 1316 745 1380 omnibus
762 1320 887 1380 notum
910 1321 969 1394 est,
1004 1316 1090 1398 quod
1111 1322 1239 1381 sanctus
1271 1318 1389 1382 beatis-

222 1405 384 1485 simusque
407 1403 531 1482 Petrus,
569 1403 792 1485 Apostolorum
816 1405 961 1485 princeps
985 1410 1018 1468 et
1041 1410 1144 1485 caput,
1178 1403 1313 1485 fideique
1338 1424 1389 1469 co·

221 1491 333 1556 lumna
368 1496 400 1556 et
431 1490 595 1555 Ecclesiae
627 1491 801 1556 catholicae
830 1490 1079 1569 fundamentum,
1113 1493 1168 1573 qui
1200 1511 1220 1556 a
1253 1491 1389 1556 Domino

225 1584 334 1644 nostro
359 1580 436 1645 Jesu
459 1577 587 1643 Christo
618 1583 651 1642 et
678 1577 844 1644 salvatore
874 1579 1005 1644 humani
1036 1581 1160 1661 generis
1188 1599 1227 1644 ac
1256 1579 1389 1645 Redem-

223 1672 315 1750 ptore
339 1666 444 1731 claves
467 1667 558 1747 regni
581 1668 714 1748 accepit,
739 1666 781 1729 ad
803 1666 980 1748 hocusque
1002 1672 1128 1748 tempus
1153 1673 1184 1732 et
1207 1686 1332 1748 semper
1354 1669 1388 1731 in

224 1754 289 1819 suis
318 1753 563 1832 successoribus,
593 1755 748 1835 episcopis
781 1761 909 1820 sanctae
931 1755 1094 1820 Romanae
1118 1753 1217 1838 Sedis,
1247 1757 1287 1820 ah
1320 1758 1388 1836 ipso

223 1840 383 1921 lundanae,
421 1842 553 1923 ejusque
586 1848 787 1907 consecratae
810 1844 974 1924 sanguine,
1009 1844 1086 1907 vivit
1118 1848 1150 1906 et
1172 1843 1333 1923 praesidet
1358 1848 1390 1908 et

220 1929 374 2013 judicium
398 1934 533 1995 exercet.
549 1929 577 2012 1)
634 1929 727 1994 Unde
751 1931 937 2011 quicumque
968 1932 1001 1994 in
1024 1931 1084 1996 hac
1107 1929 1270 1996 Cathedra
1293 1930 1387 1995 Petro

225 2017 373 2097 succedit,
403 2019 430 2082 is
464 2017 636 2082 secundum
667 2015 787 2082 Christi
823 2019 922 2099 ipsius
954 2019 1188 2084 institutionem
1218 2021 1385 2101 primatum

167 2150 171 2157 -
223 2102 311 2169 Petri
333 2106 367 2168 in
389 2105 570 2170 universam
598 2104 772 2170 Ecclesiam
796 2106 927 2171 obtinet.
982 2106 1091 2171 Manet
1114 2125 1188 2188 ergo
1222 2106 1388 2190 dispositio

224 2193 380 2271 veritatis,
405 2201 439 2258 et
459 2193 572 2257 beatus
595 2194 709 2258 Petrus
731 2193 764 2258 in
787 2200 918 2275 accepta
941 2193 1124 2259 fortitudine
1147 2200 1257 2275 petrae
1281 2212 1388 2274 perse-

223 2298 339 2345 verans
363 2285 509 2362 suscepta
530 2279 694 2346 Ecclesiae
717 2282 935 2362 gubernacula
958 2300 1021 2346 non
1044 2281 1180 2363 reliquit.
1192 2282 1217 2362 2)
1256 2281 1325 2344 Hac
1349 2281 1389 2344 de

217 2387 323 2432 causa
346 2368 387 2432 ad
409 2367 586 2432 Romanam
609 2367 787 2435 Ecclesiam
814 2375 945 2450 propter
970 2369 1182 2449 potentiorem
1205 2365 1387 2447 principali-

224 2460 324 2519 tatem
354 2473 483 2521 necesse
516 2474 641 2538 semper
670 2455 731 2521 tuit
760 2475 884 2522 omnem
915 2457 1081 2521 convenire
1109 2453 1294 2531 Ecclesiam,
1330 2453 1389 2516 hoc

225 2547 284 2623 est,
310 2561 373 2622 eos,
398 2544 452 2623 qui
475 2549 550 2609 sunt
573 2545 711 2626 undique
734 2543 854 2623 fideles,
877 2548 914 2607 ut
936 2543 969 2606 in
993 2560 1031 2607 ea
1053 2541 1144 2621 Sede,
1170 2561 1187 2606 c
1210 2559 1272 2622 qua
1295 2557 1390 2604 vene-

222 2630 344 2694 randae
361 2633 589 2697 communionis
609 2632 683 2712 jura
698 2634 731 2697 in
747 2649 854 2697 omnes
871 2631 1041 2709 dimanant,
1067 2635 1231 2710 tamquam
1247 2629 1391 2717 membra

224 2720 257 2782 in
280 2719 382 2799 capite
398 2720 585 2800 consociata,
610 2722 643 2784 in
666 2739 761 2784 unam
778 2719 918 2799 corporis
935 2736 1118 2799 compagem
1134 2717 1391 2799 coalescerentss)

331 2805 365 2870 Si
387 2808 457 2887 quis
490 2826 565 2890 ergo
595 2809 718 2887 dixerit,
752 2824 816 2870 non
839 2823 908 2870 esse
938 2805 1097 2887 exipsius
1122 2803 1240 2870 Christi
1263 2805 1391 2869 Domini

224 2894 425 2959 institutione
449 2913 506 2958 seu
525 2898 598 2978 jme
614 2896 728 2974 divino,
753 2899 788 2957 ut
811 2893 923 2957 beatus
940 2893 1054 2958 Petrus
1077 2894 1110 2957 in
1132 2893 1272 2974 primatu
1296 2909 1391 2974 super

225 2981 404 3046 uniuersam
427 2982 602 3047 Ecclesiam
625 2982 743 3046 habeat
766 2984 935 3064 perpetuos
959 2999 1174 3062 successorem
1200 2986 1256 3045 aut
1274 2982 1390 3045 Roma-

224 3087 300 3138 num
324 3069 509 3136 Pontificem
531 3089 592 3135 non
618 3087 687 3135 esse
709 3071 796 3135 beati
813 3069 902 3134 Petri
923 3070 956 3133 in
980 3071 1089 3134 eodem
1106 3071 1245 3150 primatu
1268 3085 1390 3131 succes-

227 3175 345 3236 sorem3
370 3157 538 3222 anathema
561 3159 611 3224 sit.

703 3401 839 3466 CAPUT
862 3401 917 3465 Ill.

384 3540 435 3605 De
459 3541 492 3605 oc'
514 3542 691 3606 adratione
708 3543 874 3622 primatos
896 3541 1036 3605 Borcani
1059 3540 1236 3621 Pontificio.

332 3697 535 3780 Quapropter
557 3699 677 3779 apertis
700 3699 799 3765 innixi
820 3717 985 3764 sacrarum
999 3698 1182 3762 litterarum
1204 3697 1392 3762 testimoniis

226 3792 258 3851 et
292 3785 496 3851 inhaerentes
531 3791 599 3850 tum
633 3785 919 3853 Praedecessorum
952 3787 1143 3851 Nostrorum
1176 3785 1391 3849 Romanorum

225 3869 415 3938 Pontificum
437 3879 505 3937 tum
529 3872 741 3940 Conciliorum
772 3875 967 3957 generalium
991 3875 1126 3953 disertis,
1150 3870 1391 3956 perspicuisque

227 3959 374 4039 decretis,
398 3961 586 4027 innovamus
610 3964 804 4028 oecumenici
820 3961 954 4029 Concilii
968 3961 1144 4027 Florentini
1167 3957 1391 4040 definitionem,

227 4102 440 4112 ———-.—-—-

336 4170 358 4238 l)
378 4170 418 4227 ef.
439 4171 574 4238 Ephesini
593 4171 707 4224 Concilii
726 4171 788 4228 Aet.
807 4172 856 4225 Ill.

335 4240 356 4306 ²)
376 4241 404 4295 S.
423 4242 479 4295 Leo
499 4243 536 4295 M.
556 4242 642 4295 Serm.
663 4243 712 4295 lll.
733 4243 781 4298 cal.
803 4243 846 4300 ll.)
867 4257 925 4308 cap.
944 4244 968 4296 3.

226 4375 233 4387 ι
334 4311 355 4379 ³)
374 4311 401 4368 S.
421 4313 493 4366 Iren.
513 4313 580 4366 Adv.
600 4313 676 4365 haer.
696 4312 712 4364 l.
732 4311 781 4368 Ill.
801 4328 823 4364 c.
844 4315 868 4364 3.
888 4322 916 4364 et
935 4312 1028 4376 Epist.
1049 4310 1128 4364 Cone.
1148 4308 1267 4375 Aquilai.
1287 4324 1310 4361 a.
1331 4312 1391 4361 381.

223 4384 298 4432 mter
317 4395 378 4451 epp.
398 4383 425 4438 S.
444 4383 584 4438 Ambrosii
603 4399 644 4450 ep.
664 4381 711 4435 Xl.
