2872 4874
433 313 473 360 on
495 312 647 361 ooomrur
670 311 849 363 osrsomor.
1182 301 1221 365 31

163 458 194 517 2.
229 451 264 518 Si
280 454 358 534 quis
381 454 555 535 negaverit,
579 453 752 518 humanam
775 450 895 518 Christi
917 458 1066 518 naturam
1088 454 1134 518 ita
1156 453 1225 520 Deo

54 542 163 608 l'erho
195 558 266 606 esse
295 542 427 619 unitam,
462 546 497 606 ut
527 541 666 607 Verbum
696 543 728 606 in
758 558 797 606 ea
827 545 978 622 tauquam
1008 541 1068 606 sibi
1096 544 1225 624 propria

59 629 144 695 facta
167 624 348 706 subsistat;‘
364 629 535 694 anathema
556 630 640 712 sit.¹)

167 721 198 782 3.
258 717 292 782 Si
331 717 401 797 quis
440 734 534 781 unam
580 734 748 799 personam
788 714 867 781 Jesu
910 714 1028 782 Christi
1071 720 1223 796 tanquam

62 806 169 888 plnres
192 803 455 885 complectentem
477 802 644 885 intelligat,
680 805 823 884 duasque
856 805 889 868 in
923 803 1073 886 mysterio
1105 801 1224 869 Christi

61 910 215 975 personas
238 891 430 970 introducat,
457 891 596 956 divinam
619 898 651 957 et
674 891 856 970 humanam,
883 910 964 972 quae
988 910 1069 956 nexu
1092 890 1225 958 indisso·

59 981 146 1047 luhili
159 979 237 1045 inde
253 999 273 1044 a
289 980 495 1061 conceptione
511 980 709 1060 conjunctae,
725 998 821 1045 unam
835 997 1003 1060 personam
1019 980 1224 1060 compositam

61 1067 210 1146 efficiant
226 1067 404 1132 anathema
426 1067 510 1148 sith

160 1162 194 1222 4.
227 1155 262 1220 Si
292 1155 362 1235 quis
393 1155 516 1237 dixerit,
555 1160 604 1219 tot
638 1155 815 1220 necessario
849 1172 920 1220 esse
951 1171 1113 1235 personas
1148 1159 1226 1235 quot

61 1248 132 1309 sunt
161 1241 343 1307 intellectus
371 1249 402 1307 et
431 1242 627 1323 voluntates,
663 1248 719 1307 aut
748 1248 864 1323 negata
896 1242 1013 1324 duplici
1043 1242 1076 1306 in
1099 1239 1225 1307 Christo

63 1348 197 1414 persona
220 1331 330 1411 negari
364 1329 522 1396 humanae
545 1336 679 1396 naturae
702 1328 948 1411 perfectionem¹
981 1328 1151 1394 anathema
1174 1329 1225 1394 sit.

164 1423 194 1485 5.
220 1415 254 1482 Si
270 1418 342 1498 quis
365 1416 522 1483 affirmare
537 1418 771 1500 praesumserit,
795 1416 1044 1483 satisfactionem
1066 1416 1225 1497 vicariam,

62 1508 149 1571 unius
165 1505 290 1571 scilicet
306 1504 491 1571 Mediatoris
513 1524 571 1587 pro
594 1507 715 1570 cunctis
731 1505 919 1584 hominibus,
939 1505 1083 1587 justitiae
1100 1505 1227 1570 divinae

63 1611 254 1677 repugnare3
278 1593 449 1658 anathema
471 1595 520 1658 sit.

162 1686 191 1745 6.
228 1679 262 1746 Si
284 1683 355 1762 quis
377 1700 441 1746 non
465 1681 662 1759 confiteatur,
693 1681 797 1762 ipsum
820 1683 923 1746 Deum
946 1679 1095 1759 Verbum,
1119 1681 1152 1744 in
1176 1697 1226 1745 as·

65 1774 161 1833 sumta
194 1786 291 1834 carne
315 1769 465 1850 patiendo
497 1776 530 1833 et
561 1768 733 1847 moriendo,
768 1787 827 1851 pro
855 1768 1134 1849 peccatisnostris
1159 1767 1226 1833 Deo

67 1858 197 1937 potuisse
227 1855 414 1922 satisfacere
442 1856 493 1921 vel
520 1863 649 1921 verset
679 1857 806 1939 proprie
836 1853 1037 1933 satisfecisse,
1071 1854 1226 1936 nobisque

71 1945 193 2026 gratiam
218 1949 251 2008 et
274 1944 408 2026 gloriam
430 1945 597 2022 meruisse,
621 1944 791 2008 anathema
814 1944 864 2008 sit.
872 1948 896 2021 ³)

162 2039 193 2098 7.
231 2030 265 2096 si
288 2032 358 2112 quis
381 2031 443 2096 alia
465 2032 562 2113 impia
585 2032 736 2112 dogmata
759 2031 958 2113 Apollinaris
985 2028 1135 2109 Nestorii,
1160 2029 1226 2094 Idu-

81 2118 193 2198 tvchetis
227 2119 279 2184 vel
303 2117 405 2202 Sergii
428 2138 448 2183 a
470 2118 524 2185 SS.
551 2117 700 2185 Consiliis
723 2119 892 2201 Ephesino,
921 2117 1171 2183 Chalcedonensi
1194 2123 1227 2182 et

79 2202 413 2287 Constantinopolitano
437 2207 586 2272 damnato
610 2207 766 2282 defendat,
801 2212 834 2271 et
856 2225 919 2270 non
942 2203 1129 2270 confiteatur
1153 2205 1225 2270 doc·

74 2294 173 2359 trinam
200 2294 240 2359 de
264 2295 416 2376 mysterio
440 2292 567 2374 Christi,
599 2314 680 2376 quae
705 2297 745 2359 ab
775 2294 887 2359 iisdem
915 2292 1050 2376 Synodis
1075 2298 1107 2357 ot
1131 2292 1226 2357 Prae-

70 2379 279 2449 decessorihus
303 2381 427 2449 Nostris
451 2381 482 2447 S.
505 2383 610 2447 Leone
634 2381 722 2455 ets.
746 2382 913 2464 Agathone
937 2381 1108 2461 declarata,
1132 2385 1227 2463 atque

67 2467 298 2619 irlllhlorentino
322 2468 462 2535 Concilio
486 2471 685 2535 oecumenico
710 2470 813 2534 denno
837 2467 1039 2549 confirmata,
1064 2474 1112 2534 est
1151 2487 1227 2533 ana·

66 2561 163 2623 terna
187 2559 240 2623 sit

625 2783 663 2847 V,

437 2921 489 2988 De
512 2923 624 3005 gratio
645 2921 856 2988 Redcmloro's.

166 3087 196 3145 1.
233 3078 267 3146 si
290 3080 360 3161 quis
382 3081 554 3161 negaverit,
589 3098 646 3161 per
670 3077 831 3144 Christum
853 3077 1077 3143 Redemtorem
1106 3081 1228 3144 instau-

61 3174 162 3234 ratum
186 3185 257 3235 esse
281 3167 425 3232 ordinem
447 3167 701 3248 supernaturalis
724 3167 864 3248 gratiae3
888 3166 1058 3230 anathema
1081 3169 1132 3231 sit.

167 3260 196 3320 2.
232 3255 266 3320 Si
289 3257 360 3336 quis
383 3255 507 3336 dixerit,
540 3253 802 3338 justificationem
833 3272 897 3319 non
920 3271 999 3333 esse,
1035 3255 1095 3320 uisi
1118 3255 1228 3320 remis·

61 3344 182 3410 sionem
204 3348 422 3425 peccatorum3
458 3348 514 3408 aut
537 3342 674 3425 gratiam
705 3340 957 3407 sanctificantem
980 3359 1045 3406 non
1074 3359 1144 3406 osse
1167 3341 1228 3408 nisi

61 3431 210 3510 favorem,
243 3448 306 3512 quo
330 3431 416 3496 Deus
439 3429 598 3495 hominem
622 3436 775 3511 tanquam
799 3433 927 3511 gratum
950 3434 1104 3511 acceptet,
1135 3447 1229 3510 para-

59 3524 175 3601 tusque
198 3519 248 3583 sit
257 3519 298 3583 ad
320 3519 442 3599 gratiae
457 3518 591 3584 actualis
614 3517 732 3582 auxilia
748 3517 960 3595 concedenda3
984 3516 1153 3581 anathema
1175 3517 1227 3584 sit.

166 3611 196 3674 3.
229 3605 263 3671 Si
286 3607 355 3687 quis
379 3607 551 3686 negaverit,
583 3606 721 3688 gratiam
743 3603 995 3670 sanctificantem
1020 3604 1135 3669 donum
1158 3622 1228 3670 esse

58 3693 305 3776 supernaturale
327 3712 515 3775 permanens
539 3698 571 3758 et
593 3694 626 3758 in
649 3695 756 3759 anima
778 3692 958 3772 inhaerens,
982 3692 1153 3758 anathema
1176 3692 1227 3760 sit.

165 3787 196 3848 4.
223 3780 257 3846 si
279 3783 351 3863 quis
375 3782 498 3861 dixerit,
523 3780 683 3847 hominem
706 3782 775 3846 sine
797 3781 901 3862 gratia
925 3787 958 3847 et
979 3781 1042 3845 fide
1061 3779 1229 3863 justificari

56 3888 168 3936 coram
202 3870 273 3934 Deo
308 3869 378 3935 sola
412 3869 591 3935 divinorum
626 3870 853 3934 mandatorum
887 3869 1107 3948 observantia,
1152 3886 1228 3933 ana-

54 3958 165 4073 thema
189 3956 241 4022 sit.

54 4101 273 4110 ——.-——-—

168 4181 250 4250 ΜΟ
272 4182 335 4250 Syn.
354 4183 403 4236 ΙΙΙ
423 4198 481 4236 can.
503 4186 527 4236 3
549 4182 614 4251 Syn.
634 4184 680 4236 lV
701 4199 760 4240 can.
780 4188 805 4237 4.

167 4251 308 4392 &gip
272 4253 335 4320 Sym
355 4253 387 4306 V.
407 4269 466 4306 can
487 4257 510 4305 5.

234 4339 278 4390 yn
297 4323 348 4376 Ill
367 4338 427 4378 can.
448 4326 489 4376 10.
510 4328 538 4376 et
558 4326 651 4377 12—
673 4323 753 4378 Cone.
773 4324 894 4380 Floreat.
913 4324 993 4376 Decr.
1013 4338 1064 4390 pro
1083 4323 1228 4379 Jacobitis.

1268 4418 1368 4576 Ι
