2932 4896
615 340 655 387 nn
677 339 857 388 msonnmr.
1259 326 1319 386 221

157 482 261 560 datur,
285 485 318 545 et
333 481 389 558 ito,
414 479 551 561 antiquis
566 479 781 561 repristinatis
797 479 925 557 viribus,
950 496 1032 545 novo
1049 497 1147 559 eoque
1171 480 1324 545 continuo

155 586 330 653 progressu
351 567 411 640 Pia
433 572 587 655 augeatur
611 567 725 648 Opera
798 633 801 637 ,

173 654 176 661 ‘
262 654 305 721 Et
328 655 470 721 adhunc
492 661 559 719 tam
574 653 745 736 optabilem
770 659 838 717 tam
864 650 973 717 utilem
990 650 1164 719 Christiani
1185 655 1320 721 nominis

155 763 213 827 per
250 744 358 810 orbem
392 747 496 808 totum
531 741 674 807 dilationi
708 739 802 806 finem
832 740 1081 823 procurandum,
1114 738 1163 806 vel
1192 743 1321 809 unicum

155 829 302 897 sufficere
317 829 453 896 Sanctae
468 828 560 895 Sedis
576 836 609 895 et
624 827 852 896 oecumenicae
866 826 985 910 Synodi
999 825 1173 895 vaticanae
1189 825 1320 898 'verbum

156 917 366 1072 ⁰⁰nfidffi‘s
389 1005 440 1070 his
458 1003 532 1071 freti
557 1005 740 1080 redonibus,
763 1001 970 1068 venerabiles
993 1002 1115 1082 Patres,
1136 1004 1328 1087 suppliciter

154 1095 292 1177 petimus
306 1099 343 1161 ut
357 1092 450 1158 Inter
464 1091 606 1158 Decreta
620 1113 699 1174 qnae
720 1091 758 1157 de
773 1089 988 1155 Missionibns
1004 1091 1167 1157 catholicis
1182 1090 1320 1160 Sanctae

155 1189 186 1248 et
202 1181 426 1248 (lecummicae
441 1179 568 1262 Sunodo
591 1177 766 1244 Vaticanus
774 1179 1005 1261 proponentur,
1015 1199 1122 1256 ,uacum
1144 1179 1320 1262 adjiciatur

154 1289 215 1352 qno
239 1268 321 1333 Piae
338 1268 461 1349 Operae
485 1289 506 1332 a
521 1266 762 1350 Propapaticne
778 1264 875 1331 Fidei
890 1264 1103 1346 mancipatae,
1128 1272 1157 1331 et
1171 1264 1320 1335 solemnis

155 1359 195 1423 ab
218 1357 365 1423 Ecclesia
388 1356 583 1423 conasccratn'o
606 1358 636 1420 et
657 1374 740 1418 noca
762 1353 988 1418 commendatio
1012 1353 1185 1418 tribuatur.

261 1443 390 1509 Minime
412 1442 495 1508 enim
519 1442 699 1508 dubitamus
728 1443 804 1524 quin
826 1441 939 1506 exinde
961 1459 1035 1507 vere
1059 1440 1220 1508 catholicis
1242 1442 1324 1508 Piae

155 1531 280 1615 Operae
303 1531 494 1609 Rectoribns
517 1531 641 1595 animus
665 1529 802 1594 addatur
818 1547 927 1608 novus,
953 1536 984 1594 et
999 1526 1147 1595 ‘fidelium
1170 1528 1320 1597 incitetur

154 1621 240 1685 zalus
263 1619 318 1683 ubi
339 1620 547 1700 languescere
570 1617 704 1683 forsitan
726 1617 813 1681 visus
837 1623 896 1681 est.
1026 1616 1030 1624 ⁴
1197 1637 1200 1648 ·
1370 1621 1375 1636 ·

260 1706 362 1785 Quam
396 1708 533 1789 gratiam
561 1706 635 1770 dum
660 1725 680 1770 a
701 1705 808 1785 Vobis,
832 1705 1037 1771 Venerabiles
1059 1703 1186 1784 Patres,
1221 1714 1254 1771 et
1276 1707 1316 1771 ab

154 1793 365 1861 Oecumenica
388 1793 513 1877 Synodo
549 1792 709 1857 humiliter
737 1790 988 1873 expostulamus,
1024 1809 1146 1859 summa
1176 1812 1247 1859 cum
1270 1812 1323 1861 re·

153 1884 296 1949 verentia
319 1879 461 1964 profiteri
483 1899 541 1946 nos
564 1881 736 1964 gloriamur

516 2002 582 2069 En.
607 2011 642 2068 et
664 2002 730 2068 RR.
754 2002 846 2068 Dom.
871 2003 957 2066 Vest.

324 2092 419 2157 Hum.
442 2096 476 2156 et
497 2091 576 2157 Dev.
589 2091 632 2155 'in
656 2090 791 2155 Domino
814 2089 929 2155 Servos
952 2095 985 2154 et
1007 2089 1145 2156 Fratres.

253 2231 341 2297 Huic
357 2231 583 2313 postulationi,
607 2229 768 2296 exhibitae
792 2230 844 2295 die
867 2233 921 2294 23.
946 2230 1106 2296 Januaric'
1128 2234 1225 2309 1870,

410 2320 667 2399 srcbscripserunt
689 2321 751 2382 110
776 2315 915 2383 Ooncilii
936 2316 1062 2384 Patres.
1113 2403 1119 2415 ,

631 2525 843 2533 ...-—-..—-...

631 2536 842 2546 ...aka—...—

532 2704 584 2785 21.
625 2701 932 2785 resilimus

302 2861 348 2926 m
371 2860 563 2926 unsrun
586 2858 846 2928 scnomnuru
870 2858 1172 2925 oammanrun.

556 3054 761 3119 venerabiles
784 3053 915 3119 Patres!

258 3194 451 3276 Praecipuus
481 3196 565 3260 inter
596 3191 855 3260 chusaifidelium
877 3212 1012 3277 operas,
1043 3213 1126 3277 quae
1154 3200 1223 3260 tum
1246 3214 1317 3278 pre·

151 3283 249 3360 cibus
273 3286 342 3346 tum
369 3283 588 3364 eleemosynis,
624 3300 715 3363 opem
738 3283 939 3348 missionibus
971 3284 1140 3365 perutilem
1162 3284 1316 3349 submini-

150 3374 263 3448 strant,
276 3368 331 3434 illa
355 3388 437 3451 quae
460 3369 644 3435 Scholarum
667 3369 870 3435 orientalium
890 3388 1004 3436 nomen
1027 3391 1105 3453 prae
1129 3389 1163 3436 se
1186 3370 1256 3450 fert,
1283 3376 1315 3436 et

150 3476 242 3540 quae,
265 3459 461 3539 approbante
490 3458 609 3523 Sancta
631 3457 715 3523 Sede
737 3457 926 3539 Apostolica,
960 3465 992 3524 et
1014 3460 1179 3541 Episcopis
1209 3458 1316 3524 faven-

151 3546 245 3625 tibus,
267 3544 390 3610 Latinis
413 3546 499 3627 apud
522 3565 579 3610 nos
595 3545 801 3611 Missionariis
824 3564 950 3627 magna,
974 3548 1067 3612 nobis
1090 3556 1197 3612 autem
1222 3564 1316 3628 quae-

152 3634 226 3698 dam
241 3633 359 3697 auxilia
375 3634 600 3715 suppeditavit,
616 3634 719 3699 locum
744 3652 764 3698 a
783 3634 926 3714 pluribus
942 3634 1056 3701 abhinc
1072 3638 1162 3700 annis
1179 3634 1322 3699 obtinuit

151 3740 216 3785 non
237 3721 439 3785 immeritum.

256 3808 315 3874 His
353 3808 553 3873 orientalium
591 3811 773 3873 missionum
811 3808 1088 3890 Benefactoribus,
1123 3826 1181 3874 nos
1220 3809 1317 3873 animi

150 3914 263 3962 sensus
296 3897 469 3979 gratissimi
502 3894 666 3962 testificari
696 3899 874 3979 cupientes,
909 3899 994 3980 piam
1028 3898 1155 3961 illorum
1186 3915 1316 3978 operam

149 3983 262 4049 intimo
285 3984 387 4050 cordis
409 3982 548 4065 impulsu
572 3985 825 4050 commendamus
848 3995 916 4049 tum
940 3985 1087 4051 Patribus
1110 3985 1314 4065 Veneranda,

150 4071 259 4152 quiin
282 4071 342 4137 hac
365 4071 574 4136 Sacrosancta
598 4070 723 4153 Synodo
747 4073 958 4140 Oecumenica
981 4075 1103 4151 sedent,
1128 4078 1195 4137 turn
1219 4091 1312 4154 prae·

150 4156 262 4224 sertim
284 4160 513 4240 Episcoporum
537 4165 569 4224 et
591 4160 688 4225 totius
702 4159 867 4226 Ecclesiae
891 4159 996 4242 Capiti
1019 4160 1146 4227 Summo
1169 4156 1317 4226 Pontifici

149 4246 208 4311 Pio
223 4245 284 4311 PP.
299 4247 366 4327 IX,
383 4248 471 4329 cnjus
495 4248 729 4329 pretiosissimis
745 4250 1014 4315 benedictionibus
1037 4249 1113 4314 haec
1129 4246 1314 4314 Scholarum
1427 4269 1430 4274 ·

150 4333 352 4401 orientalium
376 4353 472 4416 opera
495 4342 600 4401 ortum
624 4336 732 4401 debuit
755 4341 787 4401 et
810 4338 1050 4406 incrementum.
