2872 4874
538 293 576 337 nu
600 291 695 338 nunus
719 291 908 339 mauricis
1263 278 1303 339 st
1404 336 1409 348 ,

240 429 425 512 usionis
449 430 562 496 dixerit
587 449 771 512 supremam
795 450 831 495 ac
854 431 977 511 plenam
1001 429 1119 494 Summi
1144 430 1304 497 Pontificis

130 524 331 600 potestatem
359 520 512 602 pascendi
542 537 598 584 seu
631 521 766 585 docendi
796 519 1005 584 universalem
1037 519 1211 584 Ecclesiam
1242 539 1303 586 uon

133 625 205 671 esse
229 606 359 688 plenam
381 625 423 671 ac
444 624 624 687 supremam
648 609 680 672 iu
706 606 891 672 definiendis
918 608 1153 688 quaestionibus
1176 607 1249 672 fidei
1272 615 1305 673 et

137 713 270 773 morum,
304 697 351 759 ita
373 703 411 759 ut
432 694 586 777 appellari
618 697 715 761 liceat
745 713 765 760 a
795 696 922 779 judiciis
952 696 1136 777 dogmaticis
1164 701 1302 778 supremi

138 783 301 848 Ecclesiae
330 784 445 864 capitis
475 783 517 848 ad
549 783 703 866 judicium
729 785 956 865 episcopomm
992 785 1057 848 sire
1080 784 1303 865 dispersorum,

141 873 204 935 sive
227 870 489 946 coadunatorum,
512 870 683 935 anathema
707 873 758 936 sit.

243 982 273 1042 8.
306 976 342 1042 Si
365 978 437 1058 quis
468 976 583 1041 dixerit
611 978 734 1058 judicia
763 996 821 1058 pro
851 977 1020 1041 sancienda
1048 978 1160 1060 regula
1187 976 1260 1042 fidei
1284 997 1303 1042 a

145 1061 275 1128 Summis
298 1062 504 1129 Pontificibus
533 1065 610 1131 lata.
644 1067 709 1129 sive
740 1067 878 1146 episcopi
912 1083 1008 1146 super
1035 1066 1084 1130 his
1113 1067 1302 1130 senteutiam

149 1169 230 1217 mam
251 1159 422 1234 exponant,
445 1153 512 1217 sive
533 1155 692 1229 omittant,
716 1153 828 1217 diolcon
844 1175 882 1216 oe
897 1174 1023 1217 samma
1046 1173 1102 1235 per
1126 1155 1302 1219 universam

151 1239 315 1306 Ecclesiam
337 1239 529 1306 auctoritate
552 1260 615 1305 nou
637 1243 705 1319 niti,
730 1243 781 1306 cui
798 1239 972 1306 Christiani
995 1260 1104 1307 omnes
1127 1260 1164 1306 cu
1188 1239 1301 1321 officio,

152 1328 243 1481 offis
274 1349 398 1480 ᾳῖοᾳυε
428 1329 545 1395 moratis
579 1330 766 1410 obsequium
801 1336 964 1409 praestare
999 1334 1190 1409 tenentur‚¹)
1226 1348 1304 1395 aua-

227 1434 321 1482 asi.

244 1526 273 1586 9.
296 1519 331 1587 Si
345 1523 417 1603 quis
432 1521 547 1587 dixedt
571 1524 681 1589 lesum
698 1520 860 1588 Christum
882 1540 945 1586 non
961 1521 1111 1587 fundasse
1128 1523 1301 1589 Ecclesiam

121 1656 126 1665 .
158 1624 231 1673 mam
263 1625 360 1692 super
382 1611 522 1688 Petrum,
557 1629 615 1675 nec
643 1610 716 1675 huic
747 1609 871 1673 dulice
900 1610 1004 1673 clares
1032 1612 1121 1692 regni
1145 1611 1304 1677 coelorum
1350 1627 1362 1640 ‘

158 1695 229 1761 simul
248 1715 321 1761 cum
341 1697 568 1763 infallibilitate
590 1699 623 1762 in
647 1699 741 1763 rebus
763 1698 844 1776 fidei,
868 1715 962 1778 quam
985 1696 1240 1763 infallibilitatem
1263 1701 1295 1764 in

123 1824 128 1837 .
160 1786 369 1850 successoribus
391 1787 460 1868 ejus
482 1787 644 1851 immotam
667 1786 829 1866 hucusque
851 1804 1035 1867 permanere
1058 1787 1205 1851 omuibus
1228 1806 1301 1867 per-

163 1871 279 1951 spimum
302 1876 398 1953 est,²)
420 1873 591 1938 anathema
614 1876 665 1939 ait.

243 1982 293 2043 10.
327 1976 362 2042 Si
384 1978 454 2058 quis
477 1979 590 2043 dixerit
612 1985 735 2060 petram
759 1997 857 2060 supra
885 1997 978 2061 quam
1002 1997 1021 2042 a
1044 1976 1170 2043 Christo
1193 1979 1300 2044 acdifi-

170 2068 213 2127 utt
231 2076 281 2130 est
304 2064 459 2144 Ecclesia,
491 2068 523 2131 id
547 2076 596 2131 est
619 2067 705 2131 Petri
729 2085 909 2148 supremam
937 2068 1157 2132 auctoritatem
1180 2067 1212 2130 iu
1235 2070 1300 2131 suis

166 2155 370 2219 accessoribus
394 2154 542 2219 Romanis
566 2154 770 2220 Pontificibus
801 2173 925 2236 semper
954 2156 1122 2235 vigentem,
1153 2157 1300 2235 possein

166 2241 344 2307 mmdiendo
375 2241 518 2324 deposito
551 2241 622 2306 fidei
652 2241 795 2320 deiicere,
831 2251 863 2307 et
888 2243 947 2307 toti
971 2242 1133 2307 Ecclesiae
1161 2261 1300 2307 errorem

164 2331 297 2409 tanquam
334 2329 448 2411 dogma
481 2328 555 2394 fidei
591 2331 780 2394 credendum
815 2349 1000 2412 proponere,
1036 2330 1166 2410 perinde
1200 2349 1238 2395 ao
1273 2332 1299 2394 si

164 2409 257 2480 doura
272 2416 419 2482 Christus
443 2418 557 2484 dixerit
596 2417 715 2497 „Pasce
738 2437 837 2500 agnos
865 2436 960 2496 meos,
984 2437 1078 2500 pasce
1102 2437 1175 2483 oves
1199 2436 1299 2495 meas3

162 2497 211 2581 ligo
236 2507 323 2569 oravi
357 2514 471 2588 prote
500 2512 536 2570 ut
565 2525 626 2570 nou
661 2504 787 2570 deficiat
809 2504 888 2571 fides
910 2511 982 2583 tua3
1018 2512 1051 2570 et
1072 2512 1107 2571 tu
1132 2506 1300 2587 aliquando

161 2605 307 2658 conversus
331 2591 484 2659 confirma
505 2593 620 2658 fratres
643 2599 715 2658 tuos
729 2599 756 2672 “‚
782 2593 954 2658 anathema
975 2595 1027 2660 sit.

244 2715 427 2781 Romaene
453 2717 637 2782 Decembris
664 2721 756 2796 1869,
785 2717 822 2780 ln
846 2715 1019 2782 Nativitate
1042 2716 1177 2783 Domini.

517 2892 537 2972 †
560 2891 671 2957 Victor
694 2891 774 2973 Aug.
800 2889 894 2955 arch.
918 2889 1132 2956 Mechlinieus.

246 3134 264 3202 ¹)
282 3135 367 3189 Juxta
394 3134 463 3188 baec
488 3134 573 3189 verba
593 3134 664 3190 Cleri
690 3134 816 3202 gallicani
840 3133 875 3187 ad
900 3133 1089 3187 Innocentium
1108 3133 1145 3186 X:
1175 3133 1299 3201 „Judicia

157 3215 195 3265 pro
209 3205 353 3261 mucieuda
371 3205 467 3273 regula
484 3204 548 3261 fidei
566 3220 584 3258 a
602 3204 720 3259 Summis
731 3204 909 3259 Pontificibus
928 3204 984 3258 lata
1003 3218 1087 3271 super
1107 3204 1299 3272 episcoporum

121 3289 124 3295 ·
155 3275 340 3331 cumulatione
358 3276 429 3344 (aive
448 3291 525 3329 suam
542 3277 570 3328 in
587 3276 660 3329 actis
672 3275 816 3330 relationis
834 3275 999 3329 sententiam
1011 3283 1125 3341 ponant,
1144 3275 1202 3328 aire
1221 3277 1299 3330 omit·

156 3349 210 3412 taut,
225 3354 305 3413 prout
322 3345 378 3399 illis
397 3346 565 3415 collibuerit)
584 3344 674 3398 divina
692 3360 779 3412 aeque
798 3361 830 3399 ac
849 3360 954 3398 summa
967 3360 1016 3411 per
1034 3344 1190 3397 universam
1200 3344 1298 3400 Eccle-

156 3412 210 3537 tissm
224 3417 389 3498 auctoritate
401 3417 462 3484 niti,
481 3417 525 3470 cui
535 3415 687 3514 Obrisfiiani
707 3429 801 3468 omnes
813 3431 848 3468 ex
865 3414 957 3469 officio
969 3415 1056 3482 ipsius
1075 3429 1184 3480 quoque
1197 3417 1298 3469 mentis

154 3495 169 3530 ⁰
208 3493 458 3626 capungam
474 3495 687 3626 {Jdgdgrlrlrr’cleri
705 3555 834 3623 gallicani
853 3555 936 3609 verba
954 3556 982 3608 in
994 3554 1116 3610 comitiis
1135 3553 1298 3634 anui1626:

158 3619 201 3744 lq?
217 3635 405 3710 respecteront
424 3629 502 3710 aussi
520 3627 556 3684 N,
576 3626 604 3684 S.
622 3626 653 3684 Ρ.
672 3627 698 3680 le
717 3625 801 3693 Pape,
821 3625 887 3680 chef
901 3625 999 3712 visible
1017 3624 1051 3678 de
1070 3623 1187 3706 l’Eghse·
1203 3640 1299 3678 unver-

158 3697 412 3835 :exorimitur
436 3694 1034 3835 illusistidetinuisti?
1051 3694 1298 3846 stlfltttlt:

156 3827 301 3891 toronae
319 3837 493 3906 maineriae,
512 3853 546 3891 en
564 3837 601 3890 lui
621 3837 737 3890 baillant
755 3836 796 3890 les
814 3836 882 3890 cleis
902 3837 936 3890 du
955 3837 1007 3890 ciel
1025 3851 1092 3891 erec
1110 3833 1298 3914 l’iufallibrlmd

158 3898 283 4031 dtlzrdioifl
310 3924 362 4006 pue
380 3908 435 3962 l'on
457 3924 525 3963 aru
550 3908 695 3963 dementer
713 3906 855 3961 immuable
878 3923 911 3961 en
936 3922 979 3961 ses
1006 3920 1182 3961 successeura
1203 3906 1298 3973 Jusqu’

155 3982 209 4038 amo
283 3979 338 4033 ui.

613 4198 821 4210 ·——-—-—--·

612 4211 822 4223 ——.—-..--.-
