2872 4874
70 328 78 337 ·
137 310 198 368 154
634 316 804 364 rosrunerr

133 461 252 526 scilieet
275 468 416 538 centena,
426 464 448 536 1)
474 464 510 522 ut
533 459 583 521 vix
602 456 686 521 ullus
710 458 751 520 sit
773 457 805 519 m
822 455 897 520 orbe
914 454 1125 520 confessarius
1148 454 1205 536 qui
1225 452 1299 518 illas

135 566 242 627 omnes
264 549 353 626 scire,
378 547 428 611 vel
451 547 588 611 retinere
611 543 747 627 valeret;
772 549 813 623 et,
838 543 865 608 si
888 547 1023 608 cunctae
1045 540 1121 607 illae
1143 558 1299 608 censurae

133 637 166 701 in
188 636 295 718 vigore
317 653 387 701 esse
412 634 567 711 dicantur,
588 631 699 713 jugum
722 632 795 696 inde
817 649 930 712 parum
945 629 1111 696 tolerabile
1135 629 1295 694 conscien-

133 725 185 789 tiis
207 724 389 805 imponitur,
414 740 495 804 quae
519 722 564 785 sie
587 722 619 783 in
643 724 859 802 contemptum
889 736 1065 802 poenarum
1095 718 1297 795 inducuntur,

132 811 183 876 rel
205 810 418 876 anxietatibus
442 814 475 874 et
498 807 654 890 scrupulis
679 806 926 889 implicantem)
1191 834 1196 838 ·

189 1054 240 1122 De
263 1052 531 1119 reseruatiotu'bus
550 1058 753 1133 peccatorum
778 1051 811 1116 S.
834 1051 987 1134 Poatc'ficc'
1009 1051 1053 1117 ad
1072 1051 1249 1130 pauciores

558 1175 653 1222 cosas
675 1157 875 1223 reducendis

239 1298 483 1362 Reservationes
506 1301 707 1377 peccatorum
723 1295 755 1360 S.
770 1294 924 1376 Pontifici,
949 1298 976 1360 si
998 1315 1062 1361 nou
1085 1299 1212 1362 omniuo
1229 1316 1306 1380 sup-

135 1386 330 1469 primendas,
354 1385 467 1449 saltem
498 1385 539 1448 ad
566 1385 732 1466 pauciores
756 1402 862 1464 casus,
894 1403 1010 1465 eosque
1039 1386 1243 1466 gravissimos
1263 1404 1306 1453 a-

137 1475 326 1552 rarissimos,
350 1471 468 1552 reduci,
493 1472 578 1553 apud
602 1471 633 1538 S.
658 1469 843 1538 Pontificem
866 1471 1071 1554 supplicetur.

241 1560 365 1626 Nostris
389 1560 507 1624 etenim
530 1561 723 1641 temporibus
746 1561 880 1624 maxime
905 1559 1003 1625 refert
1026 1565 1062 1624 ut
1085 1561 1227 1642 receptio
1251 1578 1306 1627 aas

135 1649 289 1714 crementi
324 1648 549 1730 poenitentiae,
586 1666 693 1728 aquo
723 1653 816 1712 tanta
846 1648 1090 1712 christianorum
1128 1647 1306 1715 multitutfl

136 1736 297 1816 recedunt,
327 1755 421 1817 quam
450 1735 571 1801 facilior
603 1734 768 1801 efficiatur.
814 1737 857 1799 Et
880 1740 1063 1817 praeterea,
1101 1752 1172 1800 curn
1206 1735 1306 1801 hodi

135 1824 328 1906 impossibile
351 1825 393 1888 sit
415 1829 448 1887 et
478 1841 607 1905 prorsus
639 1824 826 1888 inusitatum
849 1824 1062 1904 poenitentes,
1096 1820 1306 1905 quautrlmr-

136 1912 183 1976 rei
199 1915 271 1991 sint,
294 1912 426 1976 Romam
442 1912 578 1988 mittere,
602 1916 638 1974 ut
654 1911 883 1976 absolutionem
899 1910 1059 1992 postulent
1075 1916 1109 1976 et
1124 1911 1306 1976 obtineau:

136 2000 209 2064 inde
231 1997 268 2064 fit
291 2004 326 2064 ut
348 1999 523 2064 reservatio
546 2016 675 2062 casuum
699 1998 729 2063 S.
752 1996 898 2063 Pontifici
917 2000 984 2081 jam
1007 2017 1071 2063 nou
1093 1999 1171 2081 ipsis
1194 2017 1306 2080 puer:

135 2088 288 2169 tentibus,
319 2088 401 2152 bene
430 2105 505 2151 vero
536 2085 611 2151 solis
642 2085 850 2152 Confessariis
885 2105 1019 2168 poenam
1054 2092 1087 2151 et
1121 2086 1306 2152 molestia.

138 2174 263 2240 inferat.
1027 2232 1030 2235 ,

239 2263 351 2328 Nonne
372 2262 534 2340 mutanda,
558 2262 609 2326 vel
631 2262 805 2342 mitiganda
838 2267 922 2326 esset
951 2261 1126 2344 disciplina,
1160 2281 1241 2343 quae
1286 2283 1306 2325 ι

133 2368 248 2432 pamm
262 2349 349 2432 utilis
365 2350 476 2428 evasit,
493 2355 525 2414 et
540 2354 588 2414 tot
604 2355 691 2414 creat
706 2348 918 2430 difficultates
936 2349 1098 2430 quusque,
1113 2351 1147 2413 in
1165 2368 1306 2414 summ

134 2439 239 2518 praxis
261 2456 360 2519 prope
382 2436 543 2501 reducitur
565 2436 606 2500 ad
632 2437 811 2502 taediosum
840 2437 1030 2515 litterarum,
1061 2439 1144 2502 inter
1179 2437 1306 2502 scriba

136 2526 373 2606 episcopatuum
397 2530 429 2589 et
452 2524 572 2589 scribas
596 2525 702 2591 curiae
725 2524 896 2602 Romanae,
922 2525 1166 2590 commercium?

243 2612 334 2677 Haec
368 2612 548 2677 reformatio
584 2630 715 2677 casuum
750 2610 780 2677 S.
819 2610 964 2678 Pontifici
998 2620 1232 2679 reservaturum
1269 2629 1306 2676 eo

135 2700 235 2781 magis
259 2719 278 2764 a
299 2699 497 2782 benignitate
520 2698 552 2767 S.
576 2698 743 2766 Pontifieia
775 2698 967 2781 postulanda
990 2700 1124 2780 videtur,
1150 2701 1236 2781 quod
1262 2735 1296 2746 -

136 2793 266 2870 praeter
288 2788 426 2852 rationes
450 2805 547 2870 supra
569 2787 683 2853 allatas
700 2786 884 2852 -illorum
909 2805 1042 2852 casuum
1065 2805 1226 2868 numerus,
1250 2787 1304 2852 de-

135 2875 335 2941 currentibus
359 2876 502 2955 saeculis,
527 2877 572 2941 ita
594 2877 742 2958 excrevit,
767 2876 840 2939 dum
864 2874 957 2940 simul
984 2875 1076 2941 multi
1100 2895 1138 2941 ex
1161 2875 1225 2941 illis
1249 2875 1298 2940 relv

136 2963 367 3042 obsoleverunt,
391 2964 442 3028 rel
463 2965 497 3028 in
519 2964 614 3029 variis
637 2964 820 3045 regionibus
851 2981 910 3028 usu
939 2965 1059 3046 recepti
1076 2983 1139 3029 ιιοιι
1162 2963 1297 3043 fuerunt,

136 3051 187 3116 vel
209 3052 437 3116 consuetudine
462 3052 621 3117 contraria
645 3052 755 3116 aboliti
782 3057 869 3131 sunt,
896 3056 932 3115 ut
953 3050 1020 3132 Jam
1048 3069 1140 3116 nemo
1162 3056 1249 3116 extet
1268 3052 1300 3116 iu·

176 3355 186 3364 ..
247 3279 268 3348 ¹)
288 3279 382 3334 Videri
400 3286 494 3361 potest
522 3294 614 3332 earum
642 3276 768 3346 aliqualis
788 3277 916 3332 elenchus
935 3281 965 3331 2⁰
987 3278 1040 3333 vol
1068 3277 1165 3332 Theol.
1189 3277 1302 3332 Bozen-

137 3348 225 3418 baum’
243 3349 542 3488 goffiescgrlrjitffisia}
557 3348 732 3472 ilirrggiasgmag
747 3351 848 3473 ὲξὲἔῇ.
869 3417 945 3475 Trid.
966 3417 1135 3485 posteritatis,
1161 3418 1213 3471 hoc
1232 3417 1300 3472 idem

136 3496 229 3544 votum
248 3490 328 3544 enixe
346 3489 553 3558 proponebant,
581 3495 613 3542 ut
636 3489 740 3543 scilicet
768 3488 1064 3543 excommunicationes
1089 3487 1302 3542 iaaaamerabilea

49 3603 50 3606 ,
137 3559 172 3613 ad
190 3559 296 3628 aliquas
317 3575 421 3628 paucas
440 3570 469 3614 et
487 3567 579 3614 certas
598 3559 809 3620 reducerentur,
840 3575 890 3613 nec
917 3573 1022 3626 poenae
1050 3557 1118 3612 adeo
1145 3573 1256 3626 graves,
1273 3561 1301 3613 in

136 3639 289 3698 posterum,
310 3631 365 3684 nisi
383 3647 434 3698 pro
453 3631 544 3684 causis
562 3629 721 3696 gravissimi
738 3629 868 3683 momenti
887 3629 1072 3683 edicerentur:

247 3700 426 3824 „Sihpossent
444 3700 603 3754 innumerae
616 3699 909 3755 excommunicationes
927 3698 964 3753 ad
981 3699 1113 3767 pauciora
1131 3699 1206 3752 etad
1224 3707 1306 3755 certa

138 3785 170 3824 oa
189 3772 278 3827 itare
300 3772 306 3783 '
326 3771 348 3824 i.
374 3825 378 3832 ,
1157 3782 1160 3787 ’

170 3788 189 3839 p
248 3787 453 3908 „Mogderandae
471 3856 541 3908 quae
566 3840 593 3893 in
612 3839 705 3894 Coena
724 3839 833 3894 Domini
861 3839 1000 3909 leguntur,
1028 3846 1059 3893 ut
1087 3845 1130 3893 est
1161 3838 1210 3893 illa
1234 3854 1304 3905 quae

138 3917 234 3966 contra
253 3911 407 3966 deferentes
430 3927 507 3966 arma
524 3911 560 3965 ad
578 3909 701 3964 infideles
719 3911 776 3964 lata
795 3916 844 3964 est.

245 3976 568 4050 „Exeommunicationes
599 3996 655 4036 non
690 3980 876 4035 concedantur
911 3979 965 4034 nisi
994 3995 1046 4048 pro
1075 3979 1159 4034 rebus
1189 3978 1306 4032 maximi

139 4052 293 4106 momenti.“

245 4121 286 4176 Cf.
305 4122 387 4177 etiam
404 4121 544 4190 postulata
563 4121 711 4192 Oratorem
730 4119 853 4174 Galliae:

246 4193 331 4262 ,Cum
359 4192 605 4249 excommunicatio
634 4191 671 4245 sit
693 4189 837 4244 Ecclesiae
863 4204 1006 4258 supremus
1033 4188 1152 4258 gladius,
1180 4202 1234 4244 nou
1259 4194 1303 4251 est

139 4261 242 4330 passim
261 4263 442 4330 decernenda,
461 4263 511 4318 sed
528 4278 580 4330 pro
598 4260 760 4328 gravissimo
777 4264 883 4314 tantum
901 4265 1029 4329 peccato,
1054 4275 1115 4315 eum
1132 4260 1160 4313 in
1178 4273 1221 4319 eo.
1238 4265 1303 4327 post

139 4347 222 4385 unam
240 4338 268 4388 et
286 4332 411 4400 alteram,
431 4339 460 4388 et
477 4347 670 4399 nonnunquam
689 4331 799 4384 tertiam
819 4330 1007 4398 monitionem,
1036 4344 1101 4384 reus
1119 4326 1306 4398 perseverat
