2932 4896
235 318 303 381 230
748 333 907 380 emnam

236 471 357 539 christi
379 474 499 555 praelia
523 474 658 555 possuit.
689 482 787 553 atoue
810 471 974 536 lacenae
1001 469 1111 536 hostes
1132 471 1317 554 profligare,
1348 474 1403 554 qni

236 559 1337 641 omnieommillamffifieripoaserldaenuereoonmoliuntur.

343 648 485 714 Tandem
506 647 692 731 Superiores
708 648 862 713 ordinum
884 646 1109 727 aeRegulares
1130 666 1241 712 omnes
1261 649 1404 730 gratiter

236 754 410 815 monernua,
434 744 471 802 nt
502 736 611 801 debita
633 737 824 812 reverentia¹
857 735 1009 815 obsequio
1031 741 1064 798 et
1086 735 1207 801 honore
1228 736 1406 817 Episoopos

236 832 481 908 prosequantur,
503 823 645 905 nihilque
666 842 778 888 eornm
807 822 933 905 iuribus
956 822 1140 902 detrahant
1161 823 1239 904 quin
1259 825 1325 889 imo
1347 823 1402 889 ad·

232 912 382 995 inuicem
404 914 451 978 eis
472 930 603 994 operam
634 912 668 976 in
690 912 774 976 sacri
796 910 967 974 Ministerii
997 907 1110 976 officiis
1138 912 1293 976 obeundis
1310 913 1403 994 juxta

236 1000 400 1084 proprium
415 1000 598 1065 institutum
613 999 763 1064 alacriter
773 1005 947 1079 praestent
962 1005 1048 1076 vota,
1063 1017 1145 1080 qnae
1160 1000 1195 1063 in
1208 998 1402 1082 preconem

237 1089 305 1155 Ileo
325 1095 560 1170 nunerparunt,
584 1086 720 1152 fideliter
741 1085 888 1164 murima
912 1086 1092 1167 regularem
1113 1087 1349 1152 observantiam
1369 1093 1402 1152 et

236 1175 436 1258 disciplinam
459 1175 571 1241 sedulo
593 1182 733 1253 servent,
755 1191 853 1255 seque
867 1173 1034 1256 religiosos
1055 1194 1120 1240 non
1141 1175 1253 1240 habim
1275 1181 1400 1239 tantum

236 1264 293 1329 sed
315 1272 349 1328 et
371 1265 488 1329 nrtute
510 1282 549 1329 ao
563 1263 690 1346 spiritu,
713 1279 776 1343 qno
799 1262 902 1326 saneti
924 1279 1035 1326 eornm
1050 1263 1249 1328 fundatores
1271 1264 1404 1328 animati

236 1358 342 1428 erant,
362 1351 541 1429 ostendant,
568 1357 606 1416 ut
626 1368 685 1433 pro
707 1353 788 1415 riam
810 1348 1093 1416 sanctificationem
1116 1353 1258 1434 asseqm,
1286 1357 1321 1416 et
1343 1349 1403 1417 Eo·

236 1436 642 1520 Munilnadupa
700 1434 1216 1520 ‘saediiraiionieasepnssint

713 1624 925 1650 m:

687 1841 720 1922 2.
762 1839 950 1924 sebini

337 1997 683 2065 CONSTITUTIONIS
707 1998 844 2064 SUPER
865 1996 980 2066 VOTO
1003 1996 1303 2068 ossnnmmaa.

344 2138 392 2204 Ea
420 2140 618 2222 potissimum
645 2140 812 2221 religiosae
833 2139 1036 2222 mediana
1062 2147 1113 2206 eat
1133 2141 1253 2221 virtus,
1288 2142 1402 2224 utqui

236 2231 357 2292 statum
380 2228 560 2310 regularem
583 2228 831 2311 ampleatuntur,
852 2235 982 2310 praeter
1004 2229 1226 2311 temporalium
1249 2231 1400 2296 bonorum

237 2316 506 2382 renunciationem
529 2322 564 2381 et
586 2317 744 2382 castitatis
759 2316 994 2398 professionem
1017 2315 1179 2398 abnegare
1201 2319 1400 2400 semetipsos,

237 2418 275 2468 aa
297 2407 485 2487 perpetuum
500 2404 648 2486 propriae
670 2402 844 2469 voluntatis
859 2400 1077 2470 holocaustum
1092 2403 1162 2469 Deo
1183 2403 1298 2472 offerre
1314 2412 1400 2472 tene

237 2494 341 2557 antur.
387 2486 441 2555 llil
463 2492 564 2574 igitur
584 2491 686 2573 magis
707 2491 750 2556 ad
771 2491 1013 2558 instamandam
1035 2493 1288 2574 servandamque
1308 2510 1406 2578 regu*

236 2577 337 2644 larem
360 2577 558 2662 disciplinam
581 2579 736 2658 conducit,
758 2592 852 2661 qtnm
875 2583 1026 2645 accurata
1048 2585 1083 2645 et
1108 2578 1211 2646 fidelis
1232 2580 1401 2665 religiosae

237 2663 439 2733 obedientiae
475 2667 673 2748 observati03
711 2664 964 2750 quandoquidem
999 2669 1071 2750 ipsa
1107 2672 1232 2734 ceteras
1264 2670 1401 2736 vidula

238 2753 336 2819 menti
357 2752 479 2834 interd,
503 2755 703 2838 insertasque
718 2752 866 2822 emtodt.
880 2760 904 2835 ι)
938 2752 1059 2839 Magna
1072 2756 1203 2838 nitidem
1216 2762 1403 2840 paupertas,

238 2838 295 2909 sed
317 2841 418 2924 major
448 2842 631 2925 integritas
663 2839 775 2909 borum
798 2849 906 2909 autem
936 2849 988 2909 est
1010 2843 1191 2909 obedientia
1212 2845 1399 2912 maximati

238 2928 435 2997 omtodiotnr
455 2928 579 2997 illaesa:
601 2944 676 2996 nam
698 2931 802 3013 prima
816 2931 919 3013 rebus,
942 2930 1082 2998 secunda
1097 2934 1194 3013 carni,
1211 2933 1308 2998 tertia
1325 2952 1402 3000 vero

237 3016 336 3084 menti
359 3015 539 3084 dominatur
562 3024 595 3086 et
618 3019 772 3102 animai)
814 3016 898 3086 Hinc
919 3022 947 3084 ai
970 3020 1169 3086 obedientiae
1191 3026 1301 3086 votnm
1323 3038 1399 3103 neg·

236 3103 368 3188 ligatur,
405 3098 636 3192 Religioaomm
667 3107 764 3174 eorda
796 3107 896 3173 veluti
917 3110 1008 3173 terra
1030 3109 1100 3173 sine
1128 3126 1211 3190 aqna
1240 3114 1398 3190 arescunt,

237 3208 294 3259 nee
316 3193 377 3277 ipsi
399 3194 534 3346 amplius
557 3195 744 3275 hnmilitate,
778 3197 931 3275 oratione,
955 3194 1162 3262 meditatione
1185 3197 1403 3276 delectantem

236 3279 312 3362 quin
335 3282 396 3347 imo
419 3300 455 3348 re
467 3280 587 3367 igiosae
610 3282 748 3350 iamdine
771 3301 923 3367 compago
946 3283 1066 3350 dismm
1088 3283 1164 3352 itur.
1327 3280 1334 3305 ‘

342 3365 547 3455 Quapropter
574 3377 795 3439 sacrosanctae
815 3371 1019 3438 Tridentinae
1072 3372 1168 3455 ynodi
1191 3373 1331 3439 demotis
1353 3375 1400 3438 in-

236 3454 417 3537 haerentes,
499 3477 518 3522 o
552 3454 676 3526 taedius
711 3463 744 3525 et
778 3460 919 3525 securius
955 3458 1113 3543 regtdaris
1146 3459 1313 3544 dbepbno
1345 3460 1400 3527 ubl

236 3534 376 3627 eoiiopsa
399 3544 440 3613 tit
474 3550 665 3629 attentetur,
690 3537 942 3613 et'constantins
969 3548 1025 3612 ubi
1047 3553 1232 3614 eonservata
1254 3555 1308 3615 est
1328 3562 1398 3632 per·

236 3637 369 3714 severat,
394 3634 537 3702 omnibus
560 3654 594 3703 re
651 3634 759 3703 aribus
781 3640 848 3701 tam
863 3635 949 3716 viria,
972 3653 1065 3717 qmm
1088 3635 1273 3701 mulieribus
1295 3637 1405 3720 eujus-⁴

236 3730 368 3805 tumque
391 3719 572 3805 Religionis,
619 3724 775 3803 oeietatis,
799 3716 1073 3807 Congregationia
1102 3730 1136 3790 et
1157 3722 1301 3790 Inatitnti
1324 3726 1403 3804 sint,

235 3814 327 3877 tetro
350 3810 548 3912 approbante
571 3808 738 3891 Concilio,
757 3811 981 3895 praeripimus,
1017 3817 1054 3877 nt
1076 3811 1118 3877 od
1145 3811 1275 3896 regmae
1301 3822 1400 3896 quam

235 3892 371 3977 protero
410 3904 485 3964 sunt
518 3900 751 3982 praescriptum
782 3901 880 3965 titum
915 3899 1086 3966 instituant
1120 3902 1154 3965 et
1197 3904 1397 3983 componant,

235 3988 405 4068 praecepta
438 4002 477 4052 ao
503 3992 578 4052 vota
600 3986 777 4068 observent,
808 3981 968 4070 perfectae
1030 3986 1178 4053 aeaertim
1200 3988 1404 4055 obedientiae

236 4071 341 4139 animo
363 4070 481 4141 talenti
511 4074 741 4157 mancipentur,
765 4073 947 4142 crucifixum
1025 4074 1138 4140 nimum
1161 4073 1331 4144 Dominam
1353 4077 1405 4141 ln·-

342 4281 365 4420 :3
389 4280 585 4409 §ogram
594 4281 988 4423 &ptraeagmzoqatlwroxgdg'offl
1007 4350 1029 4412 l.
1048 4354 1081 4409 de
1100 4353 1173 4410 verb.
1193 4354 1284 4425 signif.
1314 4364 1317 4370 '
