2872 4874
536 381 575 428 oe
597 382 776 431 DISCIPLINA.

452 606 524 690 llil.
565 604 869 690 Postulans(

161 765 358 832 ALIORUM
379 763 566 832 CONCILII
587 764 762 834 PATRUM
784 765 843 830 AD
867 764 1046 831 ernnust
1073 764 1166 830 REM

543 869 791 936 suemus,

507 1063 698 1129 Beatissime
720 1061 833 1128 Pater!

185 1203 266 1271 Cum
289 1204 398 1288 populi
420 1201 591 1270 Christiani
615 1222 692 1287 erga
706 1203 859 1269 Sanctum
873 1203 995 1287 ioseph
1017 1204 1141 1270 devotio
1164 1222 1248 1271 cres-

99 1299 133 1360 at
155 1293 191 1358 in
214 1292 292 1371 dics,
327 1292 470 1374 miraque
502 1292 588 1358 illius
619 1291 728 1358 Sancti
759 1290 888 1356 bonitas
922 1297 956 1357 et
982 1293 1126 1373 potentia
1158 1293 1247 1358 nous
1356 1359 1358 1364 .

98 1380 315 1462 numerisque
348 1377 507 1446 beneficiis
534 1398 568 1445 se
602 1397 725 1462 qnoque
755 1380 789 1443 in
811 1378 879 1444 dics
901 1379 1047 1461 prodant,
1083 1385 1117 1446 et
1138 1380 1245 1462 Ipsum

98 1470 231 1534 niversa
252 1467 399 1533 Ecclesia
428 1467 575 1550 ampliori
608 1467 698 1534 cultu
728 1466 884 1532 celebrari
906 1466 1136 1548 altioribusque
1158 1467 1248 1534 deco-

98 1557 144 1622 eri
167 1555 342 1621 honoribus
366 1554 516 1620 ardenter
530 1561 643 1637 optare
665 1554 819 1632 videatur,
843 1552 927 1619 inira
948 1556 1058 1637 scripti
1073 1555 1248 1622 Vaticanae

98 1644 198 1729 ›ynodi
213 1643 339 1724 Patres,
363 1643 405 1707 ad
419 1643 515 1724 pedes
530 1643 718 1709 Sanctitatis
734 1642 868 1708 Vestrae
884 1642 1051 1725 provoluti
1075 1643 1248 1709 humdlime

98 1730 271 1813 {flagitant
296 1736 333 1796 ut
354 1731 408 1812 qui
429 1749 449 1794 a
471 1730 606 1795 Domino
633 1730 824 1796 constitutus
847 1736 897 1794 cst
918 1728 1082 1810 Unigeniti
1104 1730 1177 1796 Filii
1198 1731 1248 1797 sui

98 1827 195 1899 ustos
220 1819 339 1901 quique
360 1837 440 1900 erga
461 1817 571 1882 Iesum
594 1824 627 1883 et
653 1817 788 1883 Mariam
811 1816 916 1883 Patris
940 1835 979 1883 ac
1004 1816 1120 1899 Sponsi
1143 1815 1249 1885 officia

98 1907 235 1973 dissimo
259 1925 367 1971 amore
397 1924 584 1986 summaque
613 1905 778 1987 diligentia
800 1902 959 1970 indefesse
985 1904 1184 1987 adimplevit,
1216 1907 1248 1972 Is

98 1994 178 2061 lium
211 2013 232 2058 a
263 1995 378 2061 Vestra
405 1994 609 2059 Beatitudine
638 1993 776 2076 eligatur
804 2011 843 2058 ac
872 1991 1053 2058 declaretur
1083 1994 1250 2059 universae

98 2078 262 2161 loclesiae,
287 2099 368 2162 quae
392 2099 506 2164 corpus
529 2078 648 2146 Christi
669 2086 733 2158 cst,
762 2080 918 2145 Patronus
952 2087 1049 2162 atque
1071 2081 1247 2160 Protector,

98 2174 113 2234 t
133 2169 257 2236 festum
289 2169 457 2252 patrocinii
486 2169 555 2251 ejus
587 2187 659 2234 cum
689 2168 754 2233 ritu
776 2169 897 2249 primae
928 2167 1037 2234 classis
1072 2173 1106 2234 et
1139 2173 1249 2234 octava

98 2257 200 2339 bique
224 2263 257 2323 et
280 2257 321 2322 ab
344 2257 489 2322 omuibus
511 2261 692 2338 peragatur.

189 2344 323 2410 Interim
346 2362 403 2425 pro
426 2345 539 2425 seipsis
570 2348 602 2408 et
624 2362 681 2425 pro
704 2343 869 2408 animabus
892 2344 952 2410 sibi
974 2343 1164 2410 concreditis
1187 2344 1249 2411 Bc-

98 2432 295 2517 edictionem
317 2431 531 2513 Apostolicam
554 2432 711 2498 instanter
736 2431 908 2514 postulant.

297 2571 510 2636 Beatitudinis
534 2570 668 2636 Vestrae

383 2711 560 2776 Humillimi
582 2722 616 2776 et
640 2711 834 2776 devotissimi
855 2711 889 2775 in
912 2708 1040 2777 Cbristo
1063 2710 1144 2776 dnn

174 2868 263 2934 Huic
281 2869 497 2948 postulationi
519 2869 776 2948 subaudierunt
798 2872 859 2933 118
885 2866 1024 2934 Concidit
1045 2869 1172 2935 Patres.

468 3233 519 3316 n.
562 3209 869 3317 rosconmon

137 3392 197 3458 UT
220 3391 251 3458 S.
275 3391 508 3459 FRANCISGO
531 3392 705 3458 SALESIO
728 3392 932 3462 EPISCOPO
956 3393 1199 3462 GENEVENSI

176 3497 354 3563 TITULUS
378 3497 584 3564 DOCTORIS
608 3497 841 3564 ECCLESIAE
870 3498 1162 3567 DEGERNATUR.

510 3691 699 3756 Rectissime
721 3692 831 3785 Pater!

195 3848 477 3914 Reverendissimis
505 3847 654 3914 Patribus
686 3849 727 3913 ad
749 3848 780 3915 S.
804 3850 1046 3915 oecumenicum
1077 3847 1252 3916 Concilium

98 3937 280 4006 Vaticanum
298 3936 485 4000 coadunetis
502 3936 648 4001 solatium
664 3954 740 4000 sane
763 3939 797 4000 in
820 3938 918 4002 tantis
932 3937 1093 4002 laboribus
1116 3943 1148 4002 et
1163 3955 1250 4020 spem

98 4041 235 4105 nagnam
260 4022 395 4088 afferunt
425 4023 575 4088 uberrimi
606 4023 728 4090 tructus
757 4042 835 4106 quos
868 4044 906 4088 ex
928 4022 1078 4088 Conciliis
1100 4023 1252 4090 Oecume·

98 4112 177 4190 niciS,
203 4119 237 4176 et
260 4112 292 4175 in
315 4112 425 4192 primis
455 4129 492 4176 ex
515 4108 648 4177 Concilii
669 4110 846 4177 Tridentini
875 4109 1111 4177 definitionibus
1134 4119 1167 4178 et
1190 4114 1252 4178 De·

98 4201 185 4264 cretis
209 4203 326 4264 norunt
349 4216 419 4264 esse
442 4198 602 4269 collectos.

194 4284 293 4351 Porro
323 4287 409 4350 inter
436 4292 582 4376 pastores
613 4291 645 4350 et
678 4287 824 4351 doctores
854 4305 874 4350 a
901 4284 1039 4351 Concilio
1067 4284 1251 4352 Tridentmo

98 4373 260 4438 suscitatos
291 4381 322 4439 et
352 4375 443 4456 quasi
474 4380 564 4440 natos
595 4391 673 4456 quos
704 4373 789 4438 misit
818 4373 904 4438 Deus
942 4373 1002 4452 „ad
1031 4371 1252 4440 confortandas

1100 4495 1148 4548 14*
