2872 4874
460 325 498 371 bs
522 323 617 371 REBUS
642 323 831 372 bosucmcts.
1186 313 1226 369 77

46 465 315 531 aedificationem
330 470 467 546 pareret.
503 462 648 528 Profecto
664 464 743 527 satis
767 462 901 527 hostium
917 469 1115 528 externorum
1132 463 1229 528 habe-

49 572 137 631 mnS,
174 554 253 634 quin
275 554 309 618 in
338 553 416 634 ipsis
439 549 601 616 Ecclesiae
634 552 746 616 castris
774 569 856 616 nova
885 550 1015 614 dissidia
1045 551 1227 628 excitemus,

51 642 106 706 vel
130 641 201 707 ullo
224 641 320 706 modo
343 640 448 706 lovere
471 639 643 703 videamur.

167 728 222 792 lV.
270 729 457 808 Propositus
484 727 635 810 implicite
663 725 832 791 definiendi
863 725 982 804 modus,
1018 727 1162 808 quamvis
1186 727 1229 790 sit

55 816 247 893 indirectas,
284 814 411 879 videtur
437 822 544 879 tamen
570 821 639 879 tum
662 815 694 879 vi
723 822 789 877 tum
819 813 1022 894 simplicitate
1051 820 1227 894 praestare.

61 903 187 970 Olarior
208 903 293 968 enim
317 909 375 981 est,
400 920 438 968 ac
461 902 553 982 plura
575 901 684 966 forsan
707 902 857 978 continet,
884 920 978 982 quam
1002 901 1140 967 definitio
1164 899 1227 965 lor-

60 991 154 1058 malis
176 997 210 1056 et
233 989 394 1072 explicita.
429 989 518 1053 Haec
541 991 625 1053 enim
641 989 748 1070 plures
772 988 943 1053 cavillandi
964 989 1051 1054 locos
1073 989 1228 1071 theologis

64 1078 290 1161 suppeditabit.
324 1078 564 1158 Disceptabitur
578 1084 732 1158 perpetuo
748 1077 909 1156 intereos,
925 1077 1051 1156 quando
1067 1083 1100 1141 et
1114 1077 1228 1157 quibus

64 1185 169 1232 rerum
184 1167 345 1248 adjunctis
359 1165 520 1230 Romanus
535 1164 681 1229 Pontifex
702 1182 812 1230 omnes
827 1162 1056 1229 christifideles
1071 1165 1228 1229 allocutus

10 1270 12 1313 ;
66 1255 169 1333 inhse,
193 1260 226 1319 ct
241 1253 406 1318 infallibile
425 1252 578 1333 judicium
593 1251 764 1334 protulisse
779 1251 955 1317 credendus
978 1253 1029 1317 sit.
1064 1253 1227 1318 ludecisae

10 1330 13 1385 Ι
68 1342 168 1407 adhuc
190 1342 364 1406 manebunt
385 1358 493 1406 omnes
515 1340 591 1405 illae
613 1341 824 1421 quaestiones,
847 1342 942 1405 etiam
964 1341 1049 1404 inter
1071 1340 1228 1422 piissimos

10 1498 12 1505 ,
70 1427 247 1494 Pontificiae
278 1427 510 1493 infallibilitatis
542 1435 796 1509 propugnatores
827 1426 980 1493 hactenus
1007 1429 1156 1509 agitatae,
1189 1428 1228 1492 de

10 1524 12 1529 '
71 1535 200 1597 persona
214 1514 378 1581 Pontificis
401 1516 543 1581 docentis
558 1516 682 1597 publica
706 1522 738 1580 et
752 1516 887 1596 privata,
910 1515 950 1579 de
965 1533 1043 1580 vera
1057 1516 1227 1582 locutionis

73 1625 106 1668 ea
129 1603 290 1670 cathedra
323 1601 563 1686 significatione,
597 1603 635 1667 de
658 1605 752 1668 rebus
775 1621 857 1684 quae
879 1605 926 1685 ad⁴
943 1600 1038 1666 fidem
1061 1621 1227 1685 moresque

74 1713 136 1756 aare
164 1698 322 1774 spectant.
380 1691 479 1756 Immo
510 1690 678 1756 violentius
710 1690 818 1756 forsan
851 1696 1019 1772 erumpent
1048 1690 1234 1772 hujusmodi

77 1781 276 1858 quaestiones,
301 1785 334 1844 et
355 1779 449 1861 longe
468 1777 581 1859 majori
604 1779 699 1843 animi
715 1779 914 1843 contentione
936 1781 1226 1859 pertractabantur.

168 1868 205 1932 V.
266 1867 303 1930 ln
337 1867 498 1948 proposito
532 1873 639 1932 antem
670 1865 839 1932 definiendi
868 1864 1036 1930 Schemate
1071 1866 1158 1930 nulla
1190 1864 1227 1931 fit

84 1953 211 2036 aulaque
227 1955 399 2036 requiritur
422 1954 583 2021 distinctio
599 1972 760 2036 expressa;
784 1973 856 2018 nam
873 1955 1078 2018 inerrantiam
1093 1953 1228 2019 Romani

90 2039 224 2108 lontificis
256 2061 326 2107 cum
349 2041 508 2107 Ecclesiae
537 2042 636 2124 ipsius
668 2041 891 2107 infallibilitate
921 2042 1030 2106 intime
1054 2042 1225 2124 conjungit,

91 2146 193 2212 enque
209 2129 310 2195 veluti
326 2129 462 2211 logicam
483 2129 581 2212 ipsius
597 2127 757 2194 Primatus
780 2129 941 2210 sequelam
956 2136 989 2192 et
1011 2127 1109 2192 veluti
1125 2128 1226 2194 corol-

87 2214 174 2283 hrimn
203 2218 341 2296 exhibet,
376 2217 456 2282 adeo
485 2223 521 2282 ut
553 2223 620 2281 tam
643 2217 708 2282 late
735 2224 844 2298 pateat
871 2218 1044 2296 iisdemque
1072 2217 1226 2280 limitibus

81 2306 266 2373 conducatur
296 2324 334 2370 ac
366 2306 436 2387 ipsa
470 2301 634 2370 Ecclesiae
668 2303 878 2369 infalhbihtas
912 2305 1041 2387 ipseque
1077 2305 1226 2369 divinitus

78 2395 253 2459 constitutus
269 2392 443 2469 Primatum
466 2411 546 2474 quae
562 2393 686 2474 quidem
710 2392 784 2459 fidei
799 2393 954 2474 principia
972 2394 1040 2475 jam
1062 2393 1101 2456 ab
1120 2391 1226 2457 llccle-
1333 2438 1335 2451 ,

71 2480 123 2545 siae
136 2482 239 2563 ipsius
263 2481 444 2562 primordiis
460 2481 539 2546 satis
560 2480 623 2544 lixa
638 2486 671 2544 et
694 2481 903 2546 determinata
918 2488 1002 2543 sunt.
1037 2479 1224 2563 Hujusmodi

68 2568 156 2649 igitur
178 2566 349 2632 definiendi
380 2569 502 2633 ratione
537 2585 615 2633 ansa
649 2567 737 2632 nulla
767 2570 940 2648 praebetur
969 2569 1035 2632 sive
1058 2567 1224 2649 theologis,

65 2654 123 2721 sive
147 2655 305 2734 fidelibus
341 2655 505 2720 dubitandi
529 2662 585 2720 aut
615 2655 787 2721 cavillandi
815 2658 897 2720 circa
928 2657 1018 2738 jussa
1041 2661 1074 2720 et
1097 2654 1226 2720 decreta
1306 2651 1310 2659 ’
1401 2668 1407 2686 ·

62 2741 90 2808 S.
102 2741 278 2822 Pontificis,
301 2743 390 2824 cujus
414 2744 647 2824 sapientissimo
663 2743 803 2821 consilio,
828 2745 901 2807 dum
919 2744 1031 2825 pascit·
1045 2749 1111 2808 tam
1127 2761 1226 2823 agnos

58 2848 153 2912 quam
175 2848 261 2908 oves,
287 2831 368 2895 sicut
392 2830 485 2896 decet
506 2831 587 2895 filios
611 2850 687 2911 erga
710 2838 840 2913 patrem,
865 2831 971 2895 omnia
986 2837 1170 2895 reverenter
1192 2838 1226 2894 et

56 2923 209 2983 amanter
231 2917 454 2999 relinquuntur
476 2918 660 2983 dirimenda.

164 3006 218 3071 Vl.
267 3005 401 3070 Domum
425 3005 502 3071 haec
525 3003 696 3071 definiendi
717 3006 808 3082 ratio,
833 3005 907 3069 dum
929 3005 990 3069 fixa
1013 3005 1169 3086 quaedam
1192 3011 1226 3069 et

53 3095 191 3158 immota
222 3094 379 3174 principia
407 3095 524 3174 ubique
552 3100 681 3175 recepta
711 3095 836 3173 asserit,
874 3092 967 3156 sim'ul
990 3092 1050 3157 hoc
1073 3092 1227 3157 commodi

51 3181 161 3260 habet,
198 3188 235 3245 ut
259 3199 320 3245 non
352 3181 454 3246 solum
479 3180 667 3246 Christianis
695 3180 839 3246 omnibus
869 3179 1065 3245 infallibilem
1096 3181 1129 3243 in
1152 3178 1226 3245 fidei

52 3286 245 3350 morumque
274 3269 379 3346 rebus,
414 3268 500 3333 nullo
529 3269 695 3334 dubitandi
721 3268 775 3333 vel
806 3267 975 3334 cavillandi
1002 3268 1072 3333 loco
1104 3267 1224 3346 relicto,

53 3356 211 3421 credendi
241 3361 276 3420 et
307 3357 423 3438 agendi
455 3374 598 3421 normam
629 3362 795 3439 proponat,
832 3356 887 3421 sed
920 3357 1018 3420 etiam
1046 3355 1224 3420 futurorum

49 3445 230 3525 praecipua
252 3449 430 3526 temporum
453 3446 535 3509 bono
558 3445 740 3525 prospiciat.
798 3443 953 3510 Formalis
975 3462 1050 3508 vero
1074 3441 1224 3518 definitio,

52 3550 130 3596 cum
157 3533 188 3596 vi
218 3550 277 3596 sua
303 3532 344 3597 ad
373 3532 480 3595 omnia
510 3532 606 3597 etiam
633 3539 792 3597 retroacta
823 3531 950 3596 saecula
972 3532 1224 3613 protenderetur,

53 3619 150 3684 facile
174 3620 357 3686 universum
382 3619 533 3684 historiae
549 3619 779 3685 ecclesiasticae
801 3637 948 3701 campum
970 3624 1132 3700 totumque
1149 3618 1224 3681 Bul-

52 3707 173 3771 larium
197 3706 417 3788 theologorum
434 3706 686 3772 cavillationibus
701 3712 733 3771 et
748 3707 978 3772 haereticorum
994 3707 1223 3788 impiorumque

51 3796 213 3860 adversus
237 3794 396 3861 Romanos
420 3793 589 3861 Pontifices
614 3795 892 3872 criminationibus
924 3796 991 3877 jam
1013 3794 1079 3859 fere
1102 3794 1223 3874 sopitis,

53 3883 206 3964 aperiret.
