<?xml version="1.0" encoding="UTF-8"?>
<!DOCTYPE html PUBLIC "-//W3C//DTD XHTML 1.0 Transitional//EN"
    "http://www.w3.org/TR/xhtml1/DTD/xhtml1-transitional.dtd">
<html xmlns="http://www.w3.org/1999/xhtml" xml:lang="en" lang="en">
 <head>
  <title>
</title>
<meta http-equiv="Content-Type" content="text/html;charset=utf-8" />
  <meta name='ocr-system' content='tesseract 3.04.00' />
  <meta name='ocr-capabilities' content='ocr_page ocr_carea ocr_par ocr_line ocrx_word'/>
</head>
<body>
  <div class='ocr_page' id='page_1' title='image "./omniumconciliiv00martgoog_0128.png"; bbox 0 0 2872 4874; ppageno 0'>
   <div class='ocr_carea' id='block_1_1' title="bbox 523 293 1301 354">
    <p class='ocr_par' dir='ltr' id='par_1_1' title="bbox 523 293 1301 354">
     <span class='ocr_line' id='line_1_1' title="bbox 523 293 1301 354; baseline 0 -2"><span class='ocrx_word' id='word_1_1' title='bbox 523 306 563 352; x_wconf 87' lang='lat' dir='ltr'><strong>nn</strong></span> <span class='ocrx_word' id='word_1_2' title='bbox 587 305 682 352; x_wconf 84' lang='lat' dir='ltr'><strong>ansus</strong></span> <span class='ocrx_word' id='word_1_3' title='bbox 704 304 893 354; x_wconf 79' lang='lat' dir='ltr'><strong>ooomrrcrs.</strong></span> <span class='ocrx_word' id='word_1_4' title='bbox 1236 293 1301 353; x_wconf 76' lang='lat'><strong>115</strong></span> 
     </span>
    </p>
   </div>
   <div class='ocr_carea' id='block_1_2' title="bbox 139 441 1303 700">
    <p class='ocr_par' dir='ltr' id='par_1_2' title="bbox 139 441 1303 700">
     <span class='ocr_line' id='line_1_2' title="bbox 139 441 1303 525; baseline 0.003 -15"><span class='ocrx_word' id='word_1_5' title='bbox 139 444 321 511; x_wconf 87' lang='lat' dir='ltr'><strong>acclamatio</strong></span> <span class='ocrx_word' id='word_1_6' title='bbox 344 445 377 509; x_wconf 93' lang='lat' dir='ltr'><strong>in</strong></span> <span class='ocrx_word' id='word_1_7' title='bbox 392 441 533 509; x_wconf 79' lang='lat' dir='ltr'>Concilio</span> <span class='ocrx_word' id='word_1_8' title='bbox 556 443 715 525; x_wconf 78' lang='lat' dir='ltr'><strong>dogmatis</strong></span> <span class='ocrx_word' id='word_1_9' title='bbox 731 443 965 524; x_wconf 80' lang='lat' dir='ltr'><strong>Assumptionis</strong></span> <span class='ocrx_word' id='word_1_10' title='bbox 984 443 1020 508; x_wconf 91' lang='grc' dir='ltr'><strong>Β.</strong></span> <span class='ocrx_word' id='word_1_11' title='bbox 1043 441 1087 507; x_wconf 89' lang='grc' dir='ltr'><strong>Μ.</strong></span> <span class='ocrx_word' id='word_1_12' title='bbox 1110 444 1159 524; x_wconf 91' lang='lat' dir='ltr'><strong>V.,</strong></span> <span class='ocrx_word' id='word_1_13' title='bbox 1187 443 1303 513; x_wconf 86' lang='lat' dir='ltr'><strong>nedum</strong></span> 
     </span>
     <span class='ocr_line' id='line_1_3' title="bbox 140 530 1302 616; baseline 0.001 -18"><span class='ocrx_word' id='word_1_14' title='bbox 140 532 265 616; x_wconf 85' lang='lat' dir='ltr'><strong>augebit</strong></span> <span class='ocrx_word' id='word_1_15' title='bbox 285 533 440 614; x_wconf 80' lang='lat' dir='ltr'><strong>pietatem</strong></span> <span class='ocrx_word' id='word_1_16' title='bbox 463 533 669 611; x_wconf 88' lang='lat' dir='ltr'><strong>credentium,</strong></span> <span class='ocrx_word' id='word_1_17' title='bbox 693 530 750 596; x_wconf 92' lang='lat' dir='ltr'><strong>sed</strong></span> <span class='ocrx_word' id='word_1_18' title='bbox 772 550 920 613; x_wconf 91' lang='lat' dir='ltr'><strong>magnam</strong></span> <span class='ocrx_word' id='word_1_19' title='bbox 937 531 1203 612; x_wconf 89' lang='lat' dir='ltr'><strong>tenerrimamque</strong></span> <span class='ocrx_word' id='word_1_20' title='bbox 1226 550 1302 599; x_wconf 92' lang='lat' dir='ltr'><strong>con·</strong></span> 
     </span>
     <span class='ocr_line' id='line_1_4' title="bbox 145 620 920 700; baseline -0.006 -13"><span class='ocrx_word' id='word_1_21' title='bbox 145 621 323 687; x_wconf 77' lang='lat' dir='ltr'><strong>solationem</strong></span> <span class='ocrx_word' id='word_1_22' title='bbox 345 621 494 685; x_wconf 89' lang='lat' dir='ltr'><strong>uniuerso</strong></span> <span class='ocrx_word' id='word_1_23' title='bbox 518 621 709 685; x_wconf 86' lang='lat' dir='ltr'><strong>conturbato</strong></span> <span class='ocrx_word' id='word_1_24' title='bbox 730 620 920 700; x_wconf 78' lang='lat' dir='ltr'><strong>praestabit.</strong></span> 
     </span>
    </p>
   </div>
   <div class='ocr_carea' id='block_1_3' title="bbox 242 723 968 792">
    <p class='ocr_par' dir='ltr' id='par_1_3' title="bbox 242 723 968 792">
     <span class='ocr_line' id='line_1_5' title="bbox 242 723 968 792; baseline 0.004 -3"><span class='ocrx_word' id='word_1_25' title='bbox 242 725 360 791; x_wconf 86' lang='lat' dir='ltr'><strong>Romae</strong></span> <span class='ocrx_word' id='word_1_26' title='bbox 383 725 433 790; x_wconf 93' lang='lat' dir='ltr'><strong>die</strong></span> <span class='ocrx_word' id='word_1_27' title='bbox 457 730 488 789; x_wconf 86' lang='lat'><strong>8.</strong></span> <span class='ocrx_word' id='word_1_28' title='bbox 511 723 656 789; x_wconf 78' lang='lat' dir='ltr'><strong>ianuarii</strong></span> <span class='ocrx_word' id='word_1_29' title='bbox 678 743 730 790; x_wconf 90' lang='lat' dir='ltr'><strong>an.</strong></span> <span class='ocrx_word' id='word_1_30' title='bbox 754 725 845 789; x_wconf 91' lang='lat' dir='ltr'><strong>Dom.</strong></span> <span class='ocrx_word' id='word_1_31' title='bbox 873 729 968 792; x_wconf 81' lang='lat'><strong>1870.</strong></span> 
     </span>
    </p>
   </div>
   <div class='ocr_carea' id='block_1_4' title="bbox 568 862 1209 948">
    <p class='ocr_par' dir='ltr' id='par_1_4' title="bbox 568 862 1209 948">
     <span class='ocr_line' id='line_1_6' title="bbox 568 862 1209 948; baseline 0.005 -20"><span class='ocrx_word' id='word_1_32' title='bbox 568 868 590 948; x_wconf 88' lang='lat'>†</span> <span class='ocrx_word' id='word_1_33' title='bbox 614 863 793 929; x_wconf 81' lang='lat' dir='ltr'>Antoninus</span> <span class='ocrx_word' id='word_1_34' title='bbox 816 865 990 946; x_wconf 88' lang='lat' dir='ltr'><strong>Episcopus</strong></span> <span class='ocrx_word' id='word_1_35' title='bbox 1015 862 1209 931; x_wconf 83' lang='lat' dir='ltr'><strong>Giennensis</strong></span> 
     </span>
    </p>
   </div>
   <div class='ocr_carea' id='block_1_5' title="bbox 434 1244 968 1473">
    <p class='ocr_par' dir='ltr' id='par_1_5' title="bbox 434 1244 968 1473">
     <span class='ocr_line' id='line_1_7' title="bbox 434 1244 920 1346; baseline 0 -18"><span class='ocrx_word' id='word_1_36' title='bbox 434 1330 441 1346; x_wconf 53' lang='lat'><em>„</em></span> <span class='ocrx_word' id='word_1_37' title='bbox 522 1245 575 1328; x_wconf 83' lang='lat'><strong>13.</strong></span> <span class='ocrx_word' id='word_1_38' title='bbox 615 1244 920 1328; x_wconf 71' lang='lat' dir='ltr'><strong>rosconmon</strong></span> 
     </span>
     <span class='ocr_line' id='line_1_8' title="bbox 468 1402 968 1473; baseline 0.01 -5"><span class='ocrx_word' id='word_1_39' title='bbox 468 1403 525 1468; x_wconf 80' lang='lat' dir='ltr'><strong>nn</strong></span> <span class='ocrx_word' id='word_1_40' title='bbox 548 1403 725 1470; x_wconf 81' lang='lat' dir='ltr'><strong>usunnu</strong></span> <span class='ocrx_word' id='word_1_41' title='bbox 746 1402 968 1473; x_wconf 75' lang='lat' dir='ltr'><strong>separans.</strong></span> 
     </span>
    </p>
   </div>
   <div class='ocr_carea' id='block_1_6' title="bbox 559 1543 878 1609">
    <p class='ocr_par' dir='ltr' id='par_1_6' title="bbox 559 1543 878 1609">
     <span class='ocr_line' id='line_1_9' title="bbox 559 1543 878 1609; baseline -0.006 -1"><span class='ocrx_word' id='word_1_42' title='bbox 559 1544 747 1609; x_wconf 89' lang='lat' dir='ltr'><strong>Beatissime</strong></span> <span class='ocrx_word' id='word_1_43' title='bbox 769 1543 878 1608; x_wconf 89' lang='lat' dir='ltr'><strong>Pater!</strong></span> 
     </span>
    </p>
   </div>
   <div class='ocr_carea' id='block_1_7' title="bbox 131 1665 1386 4387">
    <p class='ocr_par' dir='ltr' id='par_1_7' title="bbox 149 1665 1305 2276">
     <span class='ocr_line' id='line_1_10' title="bbox 244 1665 1302 1749; baseline 0.002 -17"><span class='ocrx_word' id='word_1_44' title='bbox 244 1666 324 1732; x_wconf 89' lang='lat' dir='ltr'><strong>Cum</strong></span> <span class='ocrx_word' id='word_1_45' title='bbox 359 1669 392 1732; x_wconf 93' lang='lat' dir='ltr'><strong>iu</strong></span> <span class='ocrx_word' id='word_1_46' title='bbox 426 1667 635 1733; x_wconf 86' lang='lat' dir='ltr'><strong>Sacrosancta</strong></span> <span class='ocrx_word' id='word_1_47' title='bbox 663 1666 788 1749; x_wconf 90' lang='lat' dir='ltr'><strong>Synodo</strong></span> <span class='ocrx_word' id='word_1_48' title='bbox 819 1665 972 1731; x_wconf 86' lang='lat' dir='ltr'><strong>Vaticana</strong></span> <span class='ocrx_word' id='word_1_49' title='bbox 1005 1686 1067 1734; x_wconf 91' lang='lat' dir='ltr'><strong>non</strong></span> <span class='ocrx_word' id='word_1_50' title='bbox 1099 1687 1138 1733; x_wconf 89' lang='lat' dir='ltr'><strong>ea</strong></span> <span class='ocrx_word' id='word_1_51' title='bbox 1168 1673 1302 1746; x_wconf 89' lang='lat' dir='ltr'><strong>tantum,</strong></span> 
     </span>
     <span class='ocr_line' id='line_1_11' title="bbox 149 1753 1303 1837; baseline 0.001 -17"><span class='ocrx_word' id='word_1_52' title='bbox 149 1774 219 1837; x_wconf 86' lang='lat' dir='ltr'><strong>quaa</strong></span> <span class='ocrx_word' id='word_1_53' title='bbox 241 1755 284 1820; x_wconf 92' lang='lat' dir='ltr'><strong>ad</strong></span> <span class='ocrx_word' id='word_1_54' title='bbox 306 1755 418 1821; x_wconf 89' lang='lat' dir='ltr'><strong>Fidem</strong></span> <span class='ocrx_word' id='word_1_55' title='bbox 440 1756 600 1833; x_wconf 87' lang='lat' dir='ltr'><strong>tuendam,</strong></span> <span class='ocrx_word' id='word_1_56' title='bbox 632 1773 792 1835; x_wconf 88' lang='lat' dir='ltr'><strong>novosque</strong></span> <span class='ocrx_word' id='word_1_57' title='bbox 814 1773 938 1820; x_wconf 87' lang='lat' dir='ltr'><strong>errores</strong></span> <span class='ocrx_word' id='word_1_58' title='bbox 960 1753 1164 1835; x_wconf 82' lang='lat' dir='ltr'><strong>refellendos„</strong></span> <span class='ocrx_word' id='word_1_59' title='bbox 1190 1757 1247 1822; x_wconf 92' lang='lat' dir='ltr'><strong>sed</strong></span> <span class='ocrx_word' id='word_1_60' title='bbox 1270 1761 1303 1823; x_wconf 90' lang='lat' dir='ltr'><strong>et</strong></span> 
     </span>
     <span class='ocr_line' id='line_1_12' title="bbox 151 1840 1302 1924; baseline 0.001 -15"><span class='ocrx_word' id='word_1_61' title='bbox 151 1862 218 1924; x_wconf 88' lang='lat' dir='ltr'><strong>quae</strong></span> <span class='ocrx_word' id='word_1_62' title='bbox 251 1844 293 1909; x_wconf 93' lang='lat' dir='ltr'><strong>ad</strong></span> <span class='ocrx_word' id='word_1_63' title='bbox 323 1842 575 1909; x_wconf 86' lang='lat' dir='ltr'><strong>Christianormn</strong></span> <span class='ocrx_word' id='word_1_64' title='bbox 603 1862 706 1908; x_wconf 88' lang='lat' dir='ltr'><strong>mores</strong></span> <span class='ocrx_word' id='word_1_65' title='bbox 730 1840 946 1908; x_wconf 90' lang='lat' dir='ltr'><strong>reformandos</strong></span> <span class='ocrx_word' id='word_1_66' title='bbox 980 1849 1134 1924; x_wconf 86' lang='lat' dir='ltr'><strong>spectant,</strong></span> <span class='ocrx_word' id='word_1_67' title='bbox 1167 1846 1302 1910; x_wconf 87' lang='lat' dir='ltr'><strong>tractari</strong></span> 
     </span>
     <span class='ocr_line' id='line_1_13' title="bbox 152 1929 1303 2013; baseline 0.003 -17"><span class='ocrx_word' id='word_1_68' title='bbox 152 1936 301 2012; x_wconf 81' lang='lat' dir='ltr'><strong>oporteat3</strong></span> <span class='ocrx_word' id='word_1_69' title='bbox 325 1931 412 1996; x_wconf 83' lang='lat' dir='ltr'><strong>Tuae</strong></span> <span class='ocrx_word' id='word_1_70' title='bbox 427 1931 631 2006; x_wconf 77' lang='lat' dir='ltr'><strong>Beatitudini,</strong></span> <span class='ocrx_word' id='word_1_71' title='bbox 655 1948 736 2011; x_wconf 89' lang='lat' dir='ltr'><strong>quae</strong></span> <span class='ocrx_word' id='word_1_72' title='bbox 751 1929 990 1996; x_wconf 88' lang='lat' dir='ltr'><strong>Venerabilibus</strong></span> <span class='ocrx_word' id='word_1_73' title='bbox 1006 1929 1168 2011; x_wconf 78' lang='lat' dir='ltr'><strong>praefatae</strong></span> <span class='ocrx_word' id='word_1_74' title='bbox 1183 1931 1303 2013; x_wconf 86' lang='lat' dir='ltr'><strong>synodi</strong></span> 
     </span>
     <span class='ocr_line' id='line_1_14' title="bbox 154 2017 1305 2100; baseline 0 -15"><span class='ocrx_word' id='word_1_75' title='bbox 154 2017 285 2085; x_wconf 79' lang='lat' dir='ltr'><strong>barinus</strong></span> <span class='ocrx_word' id='word_1_76' title='bbox 309 2017 444 2084; x_wconf 80' lang='lat' dir='ltr'><strong>feliciter</strong></span> <span class='ocrx_word' id='word_1_77' title='bbox 459 2025 596 2100; x_wconf 85' lang='lat' dir='ltr'><strong>praeest,</strong></span> <span class='ocrx_word' id='word_1_78' title='bbox 613 2017 832 2099; x_wconf 87' lang='lat' dir='ltr'><strong>Hydruntinus</strong></span> <span class='ocrx_word' id='word_1_79' title='bbox 860 2017 1123 2099; x_wconf 83' lang='lat' dir='ltr'><strong>Archiepiscopus</strong></span> <span class='ocrx_word' id='word_1_80' title='bbox 1142 2018 1305 2085; x_wconf 91' lang='lat' dir='ltr'><strong>humiliter</strong></span> 
     </span>
     <span class='ocr_line' id='line_1_15' title="bbox 154 2103 1302 2188; baseline 0 -17"><span class='ocrx_word' id='word_1_81' title='bbox 154 2123 181 2171; x_wconf 85' lang='lat' dir='ltr'><strong>aa</strong></span> <span class='ocrx_word' id='word_1_82' title='bbox 196 2113 382 2172; x_wconf 84' lang='lat' dir='ltr'><strong>reverenter</strong></span> <span class='ocrx_word' id='word_1_83' title='bbox 409 2106 576 2184; x_wconf 90' lang='lat' dir='ltr'><strong>nonnulla,</strong></span> <span class='ocrx_word' id='word_1_84' title='bbox 612 2123 693 2187; x_wconf 87' lang='lat' dir='ltr'><strong>quae</strong></span> <span class='ocrx_word' id='word_1_85' title='bbox 726 2104 768 2169; x_wconf 93' lang='lat' dir='ltr'><strong>ad</strong></span> <span class='ocrx_word' id='word_1_86' title='bbox 798 2123 921 2169; x_wconf 90' lang='lat' dir='ltr'><strong>morum</strong></span> <span class='ocrx_word' id='word_1_87' title='bbox 951 2103 1207 2171; x_wconf 86' lang='lat' dir='ltr'><strong>reformationem</strong></span> <span class='ocrx_word' id='word_1_88' title='bbox 1229 2125 1302 2188; x_wconf 88' lang='lat' dir='ltr'><strong>per-</strong></span> 
     </span>
     <span class='ocr_line' id='line_1_16' title="bbox 150 2193 991 2276; baseline -0.002 -18"><span class='ocrx_word' id='word_1_89' title='bbox 150 2195 240 2261; x_wconf 90' lang='lat' dir='ltr'><strong>tinere</strong></span> <span class='ocrx_word' id='word_1_90' title='bbox 261 2196 322 2276; x_wconf 90' lang='lat' dir='ltr'><strong>ipsi</strong></span> <span class='ocrx_word' id='word_1_91' title='bbox 345 2194 503 2272; x_wconf 83' lang='lat' dir='ltr'><strong>uidentur,</strong></span> <span class='ocrx_word' id='word_1_92' title='bbox 528 2194 713 2274; x_wconf 88' lang='lat' dir='ltr'><strong>exponenda</strong></span> <span class='ocrx_word' id='word_1_93' title='bbox 735 2193 874 2257; x_wconf 89' lang='lat' dir='ltr'><strong>breviter</strong></span> <span class='ocrx_word' id='word_1_94' title='bbox 897 2194 991 2258; x_wconf 90' lang='lat' dir='ltr'><strong>ducit.</strong></span> 
     </span>
    </p>

    <p class='ocr_par' dir='ltr' id='par_1_8' title="bbox 131 2278 1327 4206">
     <span class='ocr_line' id='line_1_17' title="bbox 242 2278 1302 2363; baseline 0 -16"><span class='ocrx_word' id='word_1_95' title='bbox 242 2283 331 2347; x_wconf 91' lang='lat' dir='ltr'><strong>Inter</strong></span> <span class='ocrx_word' id='word_1_96' title='bbox 361 2282 526 2347; x_wconf 90' lang='lat' dir='ltr'><strong>innumera</strong></span> <span class='ocrx_word' id='word_1_97' title='bbox 556 2283 649 2358; x_wconf 87' lang='lat' dir='ltr'><strong>vitia,</strong></span> <span class='ocrx_word' id='word_1_98' title='bbox 682 2299 764 2362; x_wconf 90' lang='lat' dir='ltr'><strong>quae</strong></span> <span class='ocrx_word' id='word_1_99' title='bbox 786 2281 819 2344; x_wconf 94' lang='lat' dir='ltr'><strong>in</strong></span> <span class='ocrx_word' id='word_1_100' title='bbox 850 2278 1034 2346; x_wconf 86' lang='lat' dir='ltr'><strong>Christiana</strong></span> <span class='ocrx_word' id='word_1_101' title='bbox 1056 2279 1232 2363; x_wconf 87' lang='lat' dir='ltr'><strong>Republica</strong></span> <span class='ocrx_word' id='word_1_102' title='bbox 1253 2282 1302 2347; x_wconf 91' lang='lat' dir='ltr'><strong>in·</strong></span> 
     </span>
     <span class='ocr_line' id='line_1_18' title="bbox 144 2367 1301 2450; baseline 0.006 -21"><span class='ocrx_word' id='word_1_103' title='bbox 144 2369 275 2447; x_wconf 75' lang='lat' dir='ltr'><strong>valuere,</strong></span> <span class='ocrx_word' id='word_1_104' title='bbox 299 2389 363 2434; x_wconf 90' lang='lat' dir='ltr'><strong>non</strong></span> <span class='ocrx_word' id='word_1_105' title='bbox 385 2369 530 2434; x_wconf 91' lang='lat' dir='ltr'><strong>ultimum</strong></span> <span class='ocrx_word' id='word_1_106' title='bbox 553 2369 656 2434; x_wconf 91' lang='lat' dir='ltr'><strong>locum</strong></span> <span class='ocrx_word' id='word_1_107' title='bbox 680 2370 851 2434; x_wconf 88' lang='lat' dir='ltr'><strong>obtinuisse</strong></span> <span class='ocrx_word' id='word_1_108' title='bbox 873 2369 1000 2433; x_wconf 89' lang='lat' dir='ltr'><strong>videtur</strong></span> <span class='ocrx_word' id='word_1_109' title='bbox 1020 2367 1135 2447; x_wconf 80' lang='lat' dir='ltr'><strong>Usaro,</strong></span> <span class='ocrx_word' id='word_1_110' title='bbox 1158 2370 1301 2450; x_wconf 87' lang='lat' dir='ltr'><strong>quamuis</strong></span> 
     </span>
     <span class='ocr_line' id='line_1_19' title="bbox 142 2457 1299 2539; baseline 0.001 -17"><span class='ocrx_word' id='word_1_111' title='bbox 142 2464 174 2522; x_wconf 90' lang='lat' dir='ltr'><strong>et</strong></span> <span class='ocrx_word' id='word_1_112' title='bbox 194 2457 363 2522; x_wconf 81' lang='lat' dir='ltr'><strong>Sacrorum</strong></span> <span class='ocrx_word' id='word_1_113' title='bbox 394 2457 629 2539; x_wconf 89' lang='lat' dir='ltr'><strong>Scripturarum</strong></span> <span class='ocrx_word' id='word_1_114' title='bbox 660 2457 849 2521; x_wconf 85' lang='lat' dir='ltr'><strong>testimoniis</strong></span> <span class='ocrx_word' id='word_1_115' title='bbox 872 2457 1040 2537; x_wconf 79' lang='lat' dir='ltr'><strong>prohibita</strong></span> <span class='ocrx_word' id='word_1_116' title='bbox 1070 2462 1103 2522; x_wconf 91' lang='lat' dir='ltr'><strong>et</strong></span> <span class='ocrx_word' id='word_1_117' title='bbox 1125 2458 1299 2525; x_wconf 89' lang='lat' dir='ltr'><strong>innumeris</strong></span> 
     </span>
     <span class='ocr_line' id='line_1_20' title="bbox 142 2542 1301 2628; baseline 0.002 -20"><span class='ocrx_word' id='word_1_118' title='bbox 142 2544 289 2627; x_wconf 84' lang='lat' dir='ltr'><strong>Legibus,</strong></span> <span class='ocrx_word' id='word_1_119' title='bbox 313 2545 469 2626; x_wconf 68' lang='lat' dir='ltr'><strong>Decretis</strong></span> <span class='ocrx_word' id='word_1_120' title='bbox 494 2563 531 2608; x_wconf 91' lang='lat' dir='ltr'><strong>ac</strong></span> <span class='ocrx_word' id='word_1_121' title='bbox 549 2544 813 2609; x_wconf 87' lang='lat' dir='ltr'><strong>declarationibus</strong></span> <span class='ocrx_word' id='word_1_122' title='bbox 836 2542 932 2610; x_wconf 89' lang='lat' dir='ltr'><strong>fuerit</strong></span> <span class='ocrx_word' id='word_1_123' title='bbox 955 2544 996 2609; x_wconf 90' lang='lat' dir='ltr'><strong>ab</strong></span> <span class='ocrx_word' id='word_1_124' title='bbox 1011 2545 1154 2611; x_wconf 87' lang='lat' dir='ltr'><strong>Ecclesia</strong></span> <span class='ocrx_word' id='word_1_125' title='bbox 1176 2563 1301 2628; x_wconf 90' lang='lat' dir='ltr'><strong>semper</strong></span> 
     </span>
     <span class='ocr_line' id='line_1_21' title="bbox 140 2631 1302 2716; baseline 0.004 -20"><span class='ocrx_word' id='word_1_126' title='bbox 140 2633 319 2699; x_wconf 90' lang='lat' dir='ltr'><strong>interdicta.</strong></span> <span class='ocrx_word' id='word_1_127' title='bbox 359 2633 479 2710; x_wconf 85' lang='lat' dir='ltr'><strong>Quibus</strong></span> <span class='ocrx_word' id='word_1_128' title='bbox 501 2633 670 2697; x_wconf 90' lang='lat' dir='ltr'><strong>inhaerens</strong></span> <span class='ocrx_word' id='word_1_129' title='bbox 693 2631 884 2697; x_wconf 88' lang='lat' dir='ltr'><strong>Benedictus</strong></span> <span class='ocrx_word' id='word_1_130' title='bbox 901 2633 985 2699; x_wconf 79' lang='lat' dir='ltr'><strong>xlv,</strong></span> <span class='ocrx_word' id='word_1_131' title='bbox 1006 2632 1027 2696; x_wconf 91' lang='lat' dir='ltr'><strong>f.</strong></span> <span class='ocrx_word' id='word_1_132' title='bbox 1051 2652 1088 2713; x_wconf 91' lang='lat' dir='ltr'><strong>r.,</strong></span> <span class='ocrx_word' id='word_1_133' title='bbox 1112 2633 1302 2716; x_wconf 87' lang='lat' dir='ltr'><strong>Apostolicis</strong></span> 
     </span>
     <span class='ocr_line' id='line_1_22' title="bbox 139 2719 1301 2804; baseline 0.003 -19"><span class='ocrx_word' id='word_1_134' title='bbox 139 2720 269 2785; x_wconf 76' lang='lat' dir='ltr'><strong>litteris</strong></span> <span class='ocrx_word' id='word_1_135' title='bbox 301 2720 362 2784; x_wconf 79' lang='lat' dir='ltr'><strong>Via</strong></span> <span class='ocrx_word' id='word_1_136' title='bbox 378 2721 539 2801; x_wconf 79' lang='lat' dir='ltr'><strong>pervertit,</strong></span> <span class='ocrx_word' id='word_1_137' title='bbox 575 2739 657 2784; x_wconf 92' lang='lat' dir='ltr'><strong>anno</strong></span> <span class='ocrx_word' id='word_1_138' title='bbox 692 2725 775 2783; x_wconf 78' lang='lat'>1745</span> <span class='ocrx_word' id='word_1_139' title='bbox 799 2719 841 2783; x_wconf 92' lang='lat' dir='ltr'><strong>ad</strong></span> <span class='ocrx_word' id='word_1_140' title='bbox 863 2720 976 2784; x_wconf 90' lang='lat' dir='ltr'><strong>Italiae</strong></span> <span class='ocrx_word' id='word_1_141' title='bbox 1007 2720 1182 2804; x_wconf 83' lang='lat' dir='ltr'><strong>Episcopus</strong></span> <span class='ocrx_word' id='word_1_142' title='bbox 1204 2722 1301 2802; x_wconf 79' lang='lat' dir='ltr'><strong>datie,</strong></span> 
     </span>
     <span class='ocr_line' id='line_1_23' title="bbox 137 2806 1302 2889; baseline 0.003 -17"><span class='ocrx_word' id='word_1_143' title='bbox 137 2806 248 2874; x_wconf 89' lang='lat' dir='ltr'><strong>fusiori</strong></span> <span class='ocrx_word' id='word_1_144' title='bbox 263 2827 408 2874; x_wconf 88' lang='lat' dir='ltr'><strong>sermone</strong></span> <span class='ocrx_word' id='word_1_145' title='bbox 421 2807 615 2873; x_wconf 82' lang='lat' dir='ltr'><strong>Catholicam</strong></span> <span class='ocrx_word' id='word_1_146' title='bbox 628 2807 811 2871; x_wconf 89' lang='lat' dir='ltr'><strong>Doctrinam</strong></span> <span class='ocrx_word' id='word_1_147' title='bbox 827 2807 1018 2889; x_wconf 85' lang='lat' dir='ltr'><strong>explanavit,</strong></span> <span class='ocrx_word' id='word_1_148' title='bbox 1035 2809 1149 2874; x_wconf 90' lang='lat' dir='ltr'><strong>docens</strong></span> <span class='ocrx_word' id='word_1_149' title='bbox 1176 2815 1203 2873; x_wconf 92' lang='grc'><strong>1.</strong></span> <span class='ocrx_word' id='word_1_150' title='bbox 1220 2809 1302 2876; x_wconf 88' lang='lat' dir='ltr'><strong>Usu-</strong></span> 
     </span>
     <span class='ocr_line' id='line_1_24' title="bbox 137 2894 1301 2975; baseline 0.003 -16"><span class='ocrx_word' id='word_1_151' title='bbox 137 2915 207 2960; x_wconf 91' lang='lat' dir='ltr'><strong>ram</strong></span> <span class='ocrx_word' id='word_1_152' title='bbox 231 2897 297 2961; x_wconf 89' lang='lat' dir='ltr'><strong>sive</strong></span> <span class='ocrx_word' id='word_1_153' title='bbox 327 2895 495 2960; x_wconf 88' lang='lat' dir='ltr'><strong>manifeste</strong></span> <span class='ocrx_word' id='word_1_154' title='bbox 527 2914 617 2959; x_wconf 90' lang='lat' dir='ltr'><strong>suam</strong></span> <span class='ocrx_word' id='word_1_155' title='bbox 648 2894 803 2959; x_wconf 89' lang='lat' dir='ltr'><strong>malitiam</strong></span> <span class='ocrx_word' id='word_1_156' title='bbox 826 2896 955 2975; x_wconf 87' lang='lat' dir='ltr'><strong>prodat,</strong></span> <span class='ocrx_word' id='word_1_157' title='bbox 988 2897 1054 2960; x_wconf 86' lang='lat' dir='ltr'><strong>sive</strong></span> <span class='ocrx_word' id='word_1_158' title='bbox 1084 2897 1142 2961; x_wconf 93' lang='lat' dir='ltr'><strong>snb</strong></span> <span class='ocrx_word' id='word_1_159' title='bbox 1166 2898 1301 2963; x_wconf 86' lang='lat' dir='ltr'><strong>aliorum</strong></span> 
     </span>
     <span class='ocr_line' id='line_1_25' title="bbox 137 2982 1301 3066; baseline 0.002 -17"><span class='ocrx_word' id='word_1_160' title='bbox 137 2990 359 3049; x_wconf 88' lang='lat' dir='ltr'><strong>contractuum</strong></span> <span class='ocrx_word' id='word_1_161' title='bbox 384 2983 478 3064; x_wconf 90' lang='lat' dir='ltr'><strong>pallio</strong></span> <span class='ocrx_word' id='word_1_162' title='bbox 512 3001 604 3047; x_wconf 91' lang='lat' dir='ltr'><strong>sunm</strong></span> <span class='ocrx_word' id='word_1_163' title='bbox 633 2984 718 3046; x_wconf 87' lang='lat' dir='ltr'><strong>virus</strong></span> <span class='ocrx_word' id='word_1_164' title='bbox 748 2982 903 3061; x_wconf 83' lang='lat' dir='ltr'><strong>involvat,</strong></span> <span class='ocrx_word' id='word_1_165' title='bbox 938 2984 971 3047; x_wconf 95' lang='lat' dir='ltr'><strong>in</strong></span> <span class='ocrx_word' id='word_1_166' title='bbox 1000 2988 1110 3049; x_wconf 93' lang='lat' dir='ltr'><strong>mutuo</strong></span> <span class='ocrx_word' id='word_1_167' title='bbox 1140 2987 1301 3066; x_wconf 88' lang='lat' dir='ltr'><strong>propriam</strong></span> 
     </span>
     <span class='ocr_line' id='line_1_26' title="bbox 139 3070 1301 3155; baseline 0.004 -19"><span class='ocrx_word' id='word_1_168' title='bbox 139 3073 249 3138; x_wconf 90' lang='lat' dir='ltr'><strong>sedem</strong></span> <span class='ocrx_word' id='word_1_169' title='bbox 284 3079 316 3136; x_wconf 89' lang='lat' dir='ltr'><strong>et</strong></span> <span class='ocrx_word' id='word_1_170' title='bbox 338 3072 442 3136; x_wconf 91' lang='lat' dir='ltr'><strong>locum</strong></span> <span class='ocrx_word' id='word_1_171' title='bbox 469 3071 602 3134; x_wconf 90' lang='lat' dir='ltr'><strong>habere:</strong></span> <span class='ocrx_word' id='word_1_172' title='bbox 636 3075 665 3133; x_wconf 83' lang='lat'><strong>2.</strong></span> <span class='ocrx_word' id='word_1_173' title='bbox 690 3070 834 3136; x_wconf 90' lang='lat' dir='ltr'><strong>Mutuum</strong></span> <span class='ocrx_word' id='word_1_174' title='bbox 862 3075 971 3134; x_wconf 86' lang='lat' dir='ltr'><strong>autem</strong></span> <span class='ocrx_word' id='word_1_175' title='bbox 1001 3077 1198 3138; x_wconf 88' lang='lat' dir='ltr'><strong>contractum</strong></span> <span class='ocrx_word' id='word_1_176' title='bbox 1221 3091 1301 3155; x_wconf 83' lang='lat' dir='ltr'><strong>esse,</strong></span> 
     </span>
     <span class='ocr_line' id='line_1_27' title="bbox 133 3157 1302 3242; baseline 0.003 -19"><span class='ocrx_word' id='word_1_177' title='bbox 133 3162 191 3242; x_wconf 87' lang='lat' dir='ltr'><strong>qni</strong></span> <span class='ocrx_word' id='word_1_178' title='bbox 227 3161 277 3223; x_wconf 91' lang='lat' dir='ltr'><strong>sui</strong></span> <span class='ocrx_word' id='word_1_179' title='bbox 310 3166 427 3223; x_wconf 91' lang='lat' dir='ltr'><strong>natura</strong></span> <span class='ocrx_word' id='word_1_180' title='bbox 461 3157 688 3238; x_wconf 90' lang='lat' dir='ltr'><strong>aequalitatem</strong></span> <span class='ocrx_word' id='word_1_181' title='bbox 727 3159 810 3222; x_wconf 90' lang='lat' dir='ltr'><strong>inter</strong></span> <span class='ocrx_word' id='word_1_182' title='bbox 844 3159 952 3222; x_wconf 92' lang='lat' dir='ltr'><strong>datum</strong></span> <span class='ocrx_word' id='word_1_183' title='bbox 988 3165 1020 3223; x_wconf 94' lang='lat' dir='ltr'><strong>et</strong></span> <span class='ocrx_word' id='word_1_184' title='bbox 1052 3166 1217 3241; x_wconf 89' lang='lat' dir='ltr'><strong>acceptum</strong></span> <span class='ocrx_word' id='word_1_185' title='bbox 1250 3181 1302 3226; x_wconf 87' lang='lat' dir='ltr'><strong>ex-</strong></span> 
     </span>
     <span class='ocr_line' id='line_1_28' title="bbox 134 3247 1303 3329; baseline 0.003 -17"><span class='ocrx_word' id='word_1_186' title='bbox 134 3247 291 3329; x_wconf 88' lang='lat' dir='ltr'><strong>postulat,</strong></span> <span class='ocrx_word' id='word_1_187' title='bbox 314 3247 509 3328; x_wconf 88' lang='lat' dir='ltr'><strong>proindeque</strong></span> <span class='ocrx_word' id='word_1_188' title='bbox 532 3247 662 3327; x_wconf 82' lang='lat' dir='ltr'><strong>gratuiti</strong></span> <span class='ocrx_word' id='word_1_189' title='bbox 687 3251 869 3311; x_wconf 85' lang='lat' dir='ltr'><strong>contractus</strong></span> <span class='ocrx_word' id='word_1_190' title='bbox 892 3247 1017 3311; x_wconf 91' lang='lat' dir='ltr'><strong>nomine</strong></span> <span class='ocrx_word' id='word_1_191' title='bbox 1040 3248 1189 3328; x_wconf 83' lang='lat' dir='ltr'><strong>gaudere,</strong></span> <span class='ocrx_word' id='word_1_192' title='bbox 1212 3249 1303 3315; x_wconf 90' lang='lat' dir='ltr'><strong>nihil·</strong></span> 
     </span>
     <span class='ocr_line' id='line_1_29' title="bbox 134 3335 1303 3418; baseline 0.003 -18"><span class='ocrx_word' id='word_1_193' title='bbox 134 3355 200 3417; x_wconf 88' lang='lat' dir='ltr'><strong>que</strong></span> <span class='ocrx_word' id='word_1_194' title='bbox 235 3336 325 3413; x_wconf 86' lang='lat' dir='ltr'><strong>inde,</strong></span> <span class='ocrx_word' id='word_1_195' title='bbox 362 3337 485 3399; x_wconf 89' lang='lat' dir='ltr'><strong>ratione</strong></span> <span class='ocrx_word' id='word_1_196' title='bbox 519 3335 619 3414; x_wconf 87' lang='lat' dir='ltr'><strong>ipsius</strong></span> <span class='ocrx_word' id='word_1_197' title='bbox 653 3335 771 3412; x_wconf 79' lang='lat' dir='ltr'><strong>mutui,</strong></span> <span class='ocrx_word' id='word_1_198' title='bbox 811 3352 904 3414; x_wconf 89' lang='lat' dir='ltr'><strong>posse</strong></span> <span class='ocrx_word' id='word_1_199' title='bbox 941 3341 1139 3400; x_wconf 85' lang='lat' dir='ltr'><strong>mutuantem</strong></span> <span class='ocrx_word' id='word_1_200' title='bbox 1176 3338 1303 3418; x_wconf 88' lang='lat' dir='ltr'><strong>quidem</strong></span> 
     </span>
     <span class='ocr_line' id='line_1_30' title="bbox 136 3421 1303 3505; baseline 0.003 -17"><span class='ocrx_word' id='word_1_201' title='bbox 136 3441 289 3505; x_wconf 88' lang='lat' dir='ltr'><strong>sperare:</strong></span> <span class='ocrx_word' id='word_1_202' title='bbox 328 3421 443 3487; x_wconf 87' lang='lat' dir='ltr'><strong>3.an</strong></span> <span class='ocrx_word' id='word_1_203' title='bbox 468 3422 601 3499; x_wconf 85' lang='lat' dir='ltr'><strong>demum,</strong></span> <span class='ocrx_word' id='word_1_204' title='bbox 630 3422 684 3502; x_wconf 87' lang='lat' dir='ltr'><strong>qui</strong></span> <span class='ocrx_word' id='word_1_205' title='bbox 707 3429 817 3486; x_wconf 87' lang='lat' dir='ltr'><strong>contra</strong></span> <span class='ocrx_word' id='word_1_206' title='bbox 848 3423 969 3501; x_wconf 83' lang='lat' dir='ltr'><strong>egerint</strong></span> <span class='ocrx_word' id='word_1_207' title='bbox 991 3424 1024 3487; x_wconf 90' lang='lat' dir='ltr'><strong>in</strong></span> <span class='ocrx_word' id='word_1_208' title='bbox 1048 3428 1303 3491; x_wconf 86' lang='lat' dir='ltr'><strong>commutativam</strong></span> 
     </span>
     <span class='ocr_line' id='line_1_31' title="bbox 131 3509 1304 3595; baseline 0.003 -20"><span class='ocrx_word' id='word_1_209' title='bbox 131 3512 295 3595; x_wconf 87' lang='lat' dir='ltr'><strong>justitiam</strong></span> <span class='ocrx_word' id='word_1_210' title='bbox 336 3528 485 3592; x_wconf 88' lang='lat' dir='ltr'><strong>peccare,</strong></span> <span class='ocrx_word' id='word_1_211' title='bbox 526 3509 659 3590; x_wconf 89' lang='lat' dir='ltr'><strong>ideoque</strong></span> <span class='ocrx_word' id='word_1_212' title='bbox 701 3510 742 3573; x_wconf 92' lang='lat' dir='ltr'><strong>ad</strong></span> <span class='ocrx_word' id='word_1_213' title='bbox 786 3510 1020 3574; x_wconf 88' lang='lat' dir='ltr'><strong>restitutionem</strong></span> <span class='ocrx_word' id='word_1_214' title='bbox 1058 3514 1170 3578; x_wconf 90' lang='lat' dir='ltr'><strong>teneri.</strong></span> <span class='ocrx_word' id='word_1_215' title='bbox 1234 3514 1304 3592; x_wconf 82' lang='lat' dir='ltr'><strong>Qua</strong></span> 
     </span>
     <span class='ocr_line' id='line_1_32' title="bbox 135 3598 1303 3676; baseline 0.003 -13"><span class='ocrx_word' id='word_1_216' title='bbox 135 3598 297 3663; x_wconf 89' lang='lat' dir='ltr'><strong>catholica</strong></span> <span class='ocrx_word' id='word_1_217' title='bbox 319 3598 463 3663; x_wconf 90' lang='lat' dir='ltr'><strong>doctrina</strong></span> <span class='ocrx_word' id='word_1_218' title='bbox 495 3599 688 3662; x_wconf 88' lang='lat' dir='ltr'><strong>unanimiter</strong></span> <span class='ocrx_word' id='word_1_219' title='bbox 710 3599 743 3660; x_wconf 94' lang='lat' dir='ltr'><strong>in</strong></span> <span class='ocrx_word' id='word_1_220' title='bbox 766 3598 894 3676; x_wconf 66' lang='lat' dir='ltr'><strong>scholia</strong></span> <span class='ocrx_word' id='word_1_221' title='bbox 925 3616 963 3662; x_wconf 93' lang='lat' dir='ltr'><strong>ac</strong></span> <span class='ocrx_word' id='word_1_222' title='bbox 994 3599 1164 3663; x_wconf 90' lang='lat' dir='ltr'><strong>universim</strong></span> <span class='ocrx_word' id='word_1_223' title='bbox 1188 3618 1208 3662; x_wconf 92' lang='lat' dir='ltr'><strong>a</strong></span> <span class='ocrx_word' id='word_1_224' title='bbox 1231 3601 1303 3666; x_wconf 90' lang='lat' dir='ltr'><strong>doc-</strong></span> 
     </span>
     <span class='ocr_line' id='line_1_33' title="bbox 134 3685 1327 3765; baseline 0.001 -13"><span class='ocrx_word' id='word_1_225' title='bbox 134 3688 262 3752; x_wconf 91' lang='lat' dir='ltr'><strong>toribus</strong></span> <span class='ocrx_word' id='word_1_226' title='bbox 286 3692 471 3750; x_wconf 89' lang='lat' dir='ltr'><strong>constanter</strong></span> <span class='ocrx_word' id='word_1_227' title='bbox 493 3685 622 3763; x_wconf 87' lang='lat' dir='ltr'><strong>tradita‚</strong></span> <span class='ocrx_word' id='word_1_228' title='bbox 645 3685 803 3765; x_wconf 74' lang='lat' dir='ltr'><strong>Pastores</strong></span> <span class='ocrx_word' id='word_1_229' title='bbox 827 3703 864 3750; x_wconf 90' lang='lat' dir='ltr'><strong>ac</strong></span> <span class='ocrx_word' id='word_1_230' title='bbox 886 3685 1126 3751; x_wconf 89' lang='lat' dir='ltr'><strong>Praedicatores</strong></span> <span class='ocrx_word' id='word_1_231' title='bbox 1149 3687 1327 3761; x_wconf 16' lang='lat' dir='ltr'><strong>Fidelium*</strong></span> 
     </span>
     <span class='ocr_line' id='line_1_34' title="bbox 134 3772 1303 3854; baseline 0.002 -15"><span class='ocrx_word' id='word_1_232' title='bbox 134 3779 275 3851; x_wconf 68' lang='lat' dir='ltr'><strong>mentes</strong></span> <span class='ocrx_word' id='word_1_233' title='bbox 299 3791 337 3837; x_wconf 89' lang='lat' dir='ltr'><strong>ac</strong></span> <span class='ocrx_word' id='word_1_234' title='bbox 359 3773 546 3854; x_wconf 88' lang='lat' dir='ltr'><strong>praesertim</strong></span> <span class='ocrx_word' id='word_1_235' title='bbox 568 3772 664 3836; x_wconf 91' lang='lat' dir='ltr'><strong>lucris</strong></span> <span class='ocrx_word' id='word_1_236' title='bbox 691 3772 879 3837; x_wconf 90' lang='lat' dir='ltr'><strong>inhiantium</strong></span> <span class='ocrx_word' id='word_1_237' title='bbox 901 3776 1042 3839; x_wconf 89' lang='lat' dir='ltr'><strong>imbuere</strong></span> <span class='ocrx_word' id='word_1_238' title='bbox 1065 3792 1225 3854; x_wconf 90' lang='lat' dir='ltr'><strong>nunquam</strong></span> <span class='ocrx_word' id='word_1_239' title='bbox 1249 3777 1303 3841; x_wconf 90' lang='lat' dir='ltr'><strong>de-</strong></span> 
     </span>
     <span class='ocr_line' id='line_1_35' title="bbox 135 3861 1305 3941; baseline 0.001 -13"><span class='ocrx_word' id='word_1_240' title='bbox 135 3863 302 3937; x_wconf 86' lang='lat' dir='ltr'><strong>stiterunt,</strong></span> <span class='ocrx_word' id='word_1_241' title='bbox 327 3866 363 3924; x_wconf 93' lang='lat' dir='ltr'><strong>nt</strong></span> <span class='ocrx_word' id='word_1_242' title='bbox 386 3878 494 3925; x_wconf 89' lang='lat' dir='ltr'><strong>omnes</strong></span> <span class='ocrx_word' id='word_1_243' title='bbox 516 3861 556 3924; x_wconf 90' lang='lat' dir='ltr'><strong>ab</strong></span> <span class='ocrx_word' id='word_1_244' title='bbox 581 3861 705 3924; x_wconf 88' lang='lat' dir='ltr'><strong>Usurae</strong></span> <span class='ocrx_word' id='word_1_245' title='bbox 721 3862 797 3925; x_wconf 88' lang='lat' dir='ltr'><strong>vitio</strong></span> <span class='ocrx_word' id='word_1_246' title='bbox 821 3863 1039 3939; x_wconf 81' lang='lat' dir='ltr'><strong>deterrerent3</strong></span> <span class='ocrx_word' id='word_1_247' title='bbox 1062 3880 1197 3941; x_wconf 89' lang='lat' dir='ltr'><strong>namque</strong></span> <span class='ocrx_word' id='word_1_248' title='bbox 1221 3864 1305 3929; x_wconf 87' lang='lat' dir='ltr'><strong>sicut</strong></span> 
     </span>
     <span class='ocr_line' id='line_1_36' title="bbox 134 3947 1304 4029; baseline 0.003 -15"><span class='ocrx_word' id='word_1_249' title='bbox 134 3951 246 4014; x_wconf 87' lang='lat' dir='ltr'><strong>usuris</strong></span> <span class='ocrx_word' id='word_1_250' title='bbox 269 3948 494 4029; x_wconf 91' lang='lat' dir='ltr'><strong>pessumdatur</strong></span> <span class='ocrx_word' id='word_1_251' title='bbox 516 3949 779 4012; x_wconf 88' lang='lat' dir='ltr'><strong>mutuatariorum</strong></span> <span class='ocrx_word' id='word_1_252' title='bbox 805 3947 969 4013; x_wconf 89' lang='lat' dir='ltr'><strong>familiaris</strong></span> <span class='ocrx_word' id='word_1_253' title='bbox 992 3951 1178 4027; x_wconf 81' lang='lat' dir='ltr'><strong>substantia,</strong></span> <span class='ocrx_word' id='word_1_254' title='bbox 1202 3951 1248 4015; x_wconf 87' lang='lat' dir='ltr'><strong>sic</strong></span> <span class='ocrx_word' id='word_1_255' title='bbox 1271 3958 1304 4016; x_wconf 91' lang='lat' dir='ltr'><strong>et</strong></span> 
     </span>
     <span class='ocr_line' id='line_1_37' title="bbox 135 4035 1304 4117; baseline 0.001 -15"><span class='ocrx_word' id='word_1_256' title='bbox 135 4042 323 4102; x_wconf 90' lang='lat' dir='ltr'><strong>mutuantes</strong></span> <span class='ocrx_word' id='word_1_257' title='bbox 340 4037 465 4100; x_wconf 89' lang='lat' dir='ltr'><strong>animae</strong></span> <span class='ocrx_word' id='word_1_258' title='bbox 481 4054 558 4099; x_wconf 89' lang='lat' dir='ltr'><strong>suae</strong></span> <span class='ocrx_word' id='word_1_259' title='bbox 573 4035 798 4100; x_wconf 89' lang='lat' dir='ltr'><strong>detrimentum</strong></span> <span class='ocrx_word' id='word_1_260' title='bbox 821 4043 907 4101; x_wconf 90' lang='lat' dir='ltr'><strong>certo</strong></span> <span class='ocrx_word' id='word_1_261' title='bbox 923 4040 1095 4117; x_wconf 89' lang='lat' dir='ltr'><strong>patiuntur,</strong></span> <span class='ocrx_word' id='word_1_262' title='bbox 1112 4055 1150 4101; x_wconf 92' lang='lat' dir='ltr'><strong>ac</strong></span> <span class='ocrx_word' id='word_1_263' title='bbox 1165 4037 1304 4117; x_wconf 91' lang='lat' dir='ltr'><strong>plerum-</strong></span> 
     </span>
     <span class='ocr_line' id='line_1_38' title="bbox 134 4123 887 4206; baseline -0.001 -18"><span class='ocrx_word' id='word_1_264' title='bbox 134 4143 200 4206; x_wconf 90' lang='lat' dir='ltr'><strong>que</strong></span> <span class='ocrx_word' id='word_1_265' title='bbox 225 4142 357 4188; x_wconf 88' lang='lat' dir='ltr'><strong>suorum</strong></span> <span class='ocrx_word' id='word_1_266' title='bbox 380 4127 480 4188; x_wconf 89' lang='lat' dir='ltr'><strong>etiam</strong></span> <span class='ocrx_word' id='word_1_267' title='bbox 505 4123 710 4203; x_wconf 90' lang='lat' dir='ltr'><strong>dispendium</strong></span> <span class='ocrx_word' id='word_1_268' title='bbox 732 4124 887 4190; x_wconf 89' lang='lat' dir='ltr'><strong>bonorum</strong></span> 
     </span>
    </p>

    <p class='ocr_par' dir='ltr' id='par_1_9' title="bbox 137 4206 1386 4387">
     <span class='ocr_line' id='line_1_39' title="bbox 197 4206 1386 4292; baseline 0.003 -17"><span class='ocrx_word' id='word_1_269' title='bbox 197 4206 199 4211; x_wconf 34' lang='lat'>⁸</span> <span class='ocrx_word' id='word_1_270' title='bbox 248 4209 329 4275; x_wconf 81' lang='lat' dir='ltr'><strong>(lum</strong></span> <span class='ocrx_word' id='word_1_271' title='bbox 351 4218 458 4276; x_wconf 90' lang='lat' dir='ltr'><strong>autem</strong></span> <span class='ocrx_word' id='word_1_272' title='bbox 481 4211 647 4274; x_wconf 89' lang='lat' dir='ltr'><strong>occasione</strong></span> <span class='ocrx_word' id='word_1_273' title='bbox 669 4214 782 4292; x_wconf 91' lang='lat' dir='ltr'><strong>mutui,</strong></span> <span class='ocrx_word' id='word_1_274' title='bbox 811 4219 848 4276; x_wconf 89' lang='lat' dir='ltr'><strong>ut</strong></span> <span class='ocrx_word' id='word_1_275' title='bbox 870 4230 889 4276; x_wconf 91' lang='lat' dir='ltr'><strong>a</strong></span> <span class='ocrx_word' id='word_1_276' title='bbox 911 4212 1040 4276; x_wconf 91' lang='lat' dir='ltr'><strong>laudato</strong></span> <span class='ocrx_word' id='word_1_277' title='bbox 1069 4211 1198 4277; x_wconf 86' lang='lat' dir='ltr'><strong>Summo</strong></span> <span class='ocrx_word' id='word_1_278' title='bbox 1221 4213 1304 4279; x_wconf 91' lang='lat' dir='ltr'><strong>Pon·</strong></span> <span class='ocrx_word' id='word_1_279' title='bbox 1373 4241 1386 4255; x_wconf 59' lang='lat'><strong>¹&gt;</strong></span> 
     </span>
     <span class='ocr_line' id='line_1_40' title="bbox 137 4297 1369 4387; baseline 0.004 -24"><span class='ocrx_word' id='word_1_280' title='bbox 137 4297 226 4364; x_wconf 90' lang='lat' dir='ltr'><strong>tifice</strong></span> <span class='ocrx_word' id='word_1_281' title='bbox 249 4299 397 4379; x_wconf 86' lang='lat' dir='ltr'><strong>habetur,</strong></span> <span class='ocrx_word' id='word_1_282' title='bbox 427 4299 571 4364; x_wconf 88' lang='lat' dir='ltr'><strong>nonnulli</strong></span> <span class='ocrx_word' id='word_1_283' title='bbox 592 4300 715 4379; x_wconf 89' lang='lat' dir='ltr'><strong>possint</strong></span> <span class='ocrx_word' id='word_1_284' title='bbox 735 4301 939 4387; x_wconf 51' lang='lat' dir='ltr'><strong>¹extrinsecus</strong></span> <span class='ocrx_word' id='word_1_285' title='bbox 967 4299 1051 4364; x_wconf 91' lang='lat' dir='ltr'><strong>tituli</strong></span> <span class='ocrx_word' id='word_1_286' title='bbox 1073 4318 1248 4382; x_wconf 89' lang='lat' dir='ltr'><strong>occmrere,</strong></span> <span class='ocrx_word' id='word_1_287' title='bbox 1271 4308 1305 4368; x_wconf 93' lang='lat' dir='ltr'><strong>et</strong></span> <span class='ocrx_word' id='word_1_288' title='bbox 1364 4371 1369 4385; x_wconf 39' lang='grc' dir='ltr'><em>Ι</em></span> 
     </span>
    </p>
   </div>
   <div class='ocr_carea' id='block_1_8' title="bbox 1165 4402 1198 4458">
    <p class='ocr_par' dir='ltr' id='par_1_10' title="bbox 1165 4402 1198 4458">
     <span class='ocr_line' id='line_1_41' title="bbox 1165 4402 1198 4458; baseline 0 -22"><span class='ocrx_word' id='word_1_289' title='bbox 1165 4402 1198 4458; x_wconf 69' lang='grc'><strong>8*</strong></span> 
     </span>
    </p>
   </div>
   <div class='ocr_carea' id='block_1_9' title="bbox 0 0 1440 4874">
    <p class='ocr_par' dir='ltr' id='par_1_11' title="bbox 0 0 1440 4874">
     <span class='ocr_line' id='line_1_42' title="bbox 0 0 1440 4874; baseline 0 5"><span class='ocrx_word' id='word_1_290' title='bbox 0 0 1440 4874; x_wconf 95' lang='lat' dir='ltr'><strong> </strong></span> 
     </span>
    </p>
   </div>
  </div>
 </body>
</html>
