2872 4874
226 313 268 377 38
509 325 629 372 sensns
651 324 893 374 construendum
917 325 1109 374 noennncsn

226 466 448 548 praerogativa
469 464 612 530 revelata
633 469 697 544 est,
731 482 876 546 quaeque
899 483 957 530 uec
980 484 1051 530 cum
1074 465 1290 549 inspirationis
1314 467 1391 533 cha·

226 555 358 623 rismate
381 552 530 619 conlundi
553 552 664 632 debet,
699 571 801 633 neque
829 571 866 617 co
895 558 1037 634 spectat,
1071 560 1106 618 ut
1129 552 1273 618 Ecclesia
1301 556 1390 621 novis

227 641 475 709 revelationibus·
493 640 642 718 ditescat,
672 639 818 705 collatam
841 640 882 704 ad
904 640 964 706 hoc
985 659 1070 720 esse,
1102 646 1138 704 nt
1168 642 1299 707 verbum
1322 642 1389 721 Dei,

225 732 291 794 sive
313 730 346 793 id
369 731 532 811 scriptum
543 729 611 794 sive
624 729 777 793 traditum
801 729 851 807 sit,
875 729 908 792 in
925 728 1097 793 universali
1113 727 1232 795 Christi
1246 730 1390 796 Ecclesia

225 819 402 899 integrum,
438 821 471 882 et
505 835 525 881 a
557 817 671 896 quavis
704 816 854 881 novitatis
889 817 1181 898 immutationisque
1208 819 1390 898 corruptela

226 907 364 971 immune
404 909 566 970 asseratur
599 908 633 969 ct
671 904 885 983 custodiatur,
927 905 1099 970 secundun
1133 905 1212 970 illud
1246 906 1392 988 Apostoli

224 995 424 1059 mandatum:
471 990 693 1071 OTimothee,
718 991 895 1072 depositum
919 993 1051 1073 custodi,
1075 993 1220 1059 devitans
1243 993 1390 1074 profanas

225 1100 337 1146 vocum
360 1082 530 1158 novitates
555 1084 587 1144 et
610 1081 824 1163 oppositiones
847 1078 919 1144 falsi
941 1081 1076 1146 nominis
1100 1082 1265 1161 scientiae,
1293 1101 1390 1162 quam

225 1169 353 1251 quidam
384 1169 621 1250 promittentes,
658 1168 742 1232 circa
775 1165 868 1233 fidem
902 1169 1095 1235 exciderunt.
1113 1171 1138 1252 1)
1183 1169 1275 1248 Quod
1304 1170 1390 1235 idem

225 1256 396 1339 Apostolus
430 1257 544 1320 iterum
579 1255 718 1320 inculcat
748 1256 903 1321 scribens:
944 1255 1091 1321 Formam
1127 1257 1209 1322 habe
1240 1276 1393 1322 sanorum

225 1344 402 1424 verborum,
427 1362 508 1425 quae
531 1362 550 1407 a
572 1362 624 1408 me
647 1343 763 1408 audisti
786 1345 818 1408 in
840 1343 901 1408 fide
925 1350 958 1408 et
980 1345 1013 1408 in
1030 1344 1196 1410 dilectione
1213 1347 1247 1414 in
1262 1344 1391 1411 Christo

224 1434 312 1499 lesu.
359 1432 482 1496 Bonum
509 1431 688 1513 depositum
721 1431 845 1496 custodi
873 1450 932 1514 per
959 1431 1109 1513 Spiritum
1141 1438 1301 1513 sanctum,
1338 1436 1394 1515 qui

225 1520 347 1586 habitat
384 1521 415 1584 in
450 1519 548 1584 nobis.
571 1521 597 1602 a)
662 1518 829 1601 Obiectnm
863 1519 962 1600 igitur
999 1520 1236 1586 infallibilitatis
1266 1526 1394 1586 tontum

224 1613 334 1689 patere
359 1608 516 1686 docemus,
541 1613 693 1688 quantum
715 1605 789 1671 fidei
811 1611 899 1688 patet
922 1607 1113 1689 depositum,
1139 1616 1171 1674 et
1193 1611 1263 1691 ejus
1285 1617 1393 1676 custo-

224 1695 331 1761 diendi
354 1693 492 1761 officium
513 1695 672 1776 postulat3
704 1695 1123 1777 adeoquepraerogativam
1145 1697 1391 1776 iuialhbilitatis‚

224 1791 286 1865 qua
308 1782 427 1848 Christi
443 1782 584 1848 Ecclesia
606 1783 713 1865 pollet,
736 1783 857 1848 ambitu
871 1800 928 1848 suo
945 1784 1110 1864 complecti
1126 1791 1194 1849 tum
1210 1786 1392 1851 nniversmn

224 1871 284 1936 Dei
307 1871 439 1936 verbum
461 1872 648 1950 revelatum,
671 1877 740 1935 tum
755 1871 789 1934 id
803 1889 904 1950 ornne,
928 1871 1101 1952 quodlicet
1116 1873 1149 1937 in
1165 1892 1200 1939 se
1215 1873 1391 1938 revelatum

224 1960 365 2039 nonsit,
400 1964 578 2024 esttamen
602 1958 773 2041 ejusmodi,
809 1959 875 2023 sine
903 1976 965 2040 quo
994 1959 1073 2023 illud
1101 1966 1170 2026 tuto
1201 1965 1387 2040 conservari,

224 2053 309 2112 certo
332 2065 369 2111 ac
384 2045 545 2112 definitive
560 2048 601 2112 ad
618 2046 811 2111 credendum
826 2047 959 2128 proponi
974 2053 1007 2112 et
1022 2048 1181 2130 explicari,
1208 2056 1264 2114 ant
1280 2057 1388 2114 contm
1415 2130 1417 2133 Ι

222 2153 348 2200 errores
370 2135 532 2201 hominum
555 2153 592 2200 ac
614 2133 685 2199 falsi
708 2135 843 2199 nominis
876 2135 1027 2200 scientiae
1050 2138 1264 2218 oppositiones
1287 2138 1391 2202 valide

223 2225 324 2288 asseri
348 2221 533 2303 delendique
556 2241 619 2288 non
642 2220 750 2305 possit.
795 2221 884 2286 Haec
906 2229 1013 2287 autem
1035 2224 1262 2304 infallibilitas,
1299 2228 1391 2308 cujus

222 2308 294 2375 finis
327 2318 378 2375 est
410 2309 550 2375 fidelium
583 2311 742 2375 societatis
777 2310 811 2374 in
841 2310 987 2375 doctrina
1020 2310 1092 2376 fidei
1123 2318 1156 2376 et
1186 2331 1310 2377 morum
1344 2315 1393 2378 in-

220 2402 380 2464 temerata
401 2398 537 2477 veritae,
570 2399 753 2478 magisterio
776 2399 877 2475 inest,
910 2399 993 2478 quod
1016 2397 1163 2464 Christus
1191 2401 1224 2464 in
1246 2400 1393 2466 Ecclesia

223 2504 281 2550 sua
304 2490 492 2566 perpetuum
514 2486 664 2564 instituit,
688 2504 760 2550 cum
784 2485 825 2551 ad
848 2486 1016 2566 Apostolos
1041 2487 1132 2551 dixit:
1167 2487 1290 2552 Euntes
1314 2509 1393 2571 ergo

224 2573 334 2639 docete
357 2591 465 2638 omnes
480 2579 601 2655 gentse,
625 2574 824 2654 baptizantes
847 2591 902 2637 eos
925 2574 957 2637 in
980 2576 1105 2639 nomine
1121 2575 1235 2653 Patris,
1260 2582 1292 2640 et
1308 2576 1392 2657 Filii,

222 2665 256 2725 et
281 2659 420 2740 Spiritus
448 2661 574 2726 Sancti:
611 2661 759 2727 docentes
788 2678 841 2726 eos
871 2679 999 2726 servare
1036 2662 1141 2727 omnia
1174 2682 1393 2746 quaecumque

222 2748 370 2813 mandavi
389 2749 492 2814 vobis:
510 2756 543 2814 et
559 2767 631 2814 ecce
643 2767 707 2832 ego
720 2749 885 2814 vobiscum
903 2767 975 2821 sum
994 2752 1138 2815 omnibus
1156 2752 1276 2831 diebus,
1290 2770 1392 2833 usqne

223 2836 264 2901 ad
293 2837 594 2902 consummationem
623 2837 752 2901 saeculi.
769 2838 795 2914 ³)
849 2835 893 2901 Et
923 2837 1034 2903 iisdem
1065 2840 1212 2920 promisit
1245 2838 1391 2906 Christus

221 2924 368 2989 veritatis
391 2943 467 2990 snae
490 2924 655 3006 Spiritum,
687 2925 740 3006 qui
763 2931 906 2989 maneret
929 2943 1001 2990 cum
1021 2927 1068 2992 eis
1091 2928 1123 2990 in
1147 2933 1327 3006 aeternum,
1359 2932 1391 2992 in

146 3056 149 3062 -
222 3013 268 3076 eis
290 3017 385 3091 esset,
411 3030 527 3094 eosque
549 3030 675 3078 omnem
699 3013 869 3077 veritatem
892 3013 1070 3090 docetote

709 3238 845 3306 CAPUT
868 3241 907 3307 X.

595 3379 647 3445 De
669 3380 833 3446 Ecclesiae
850 3385 1018 3462 potestate.
1081 3428 1084 3432 -

327 3518 445 3584 Christi
469 3525 576 3584 autem
600 3518 746 3584 Ecclesia
769 3539 830 3585 uon
855 3528 904 3591 est
927 3521 1063 3586 societas
1095 3521 1289 3603 aequalium,
1324 3525 1390 3588 acsi

221 3625 329 3672 omnes
352 3607 385 3671 in
409 3625 448 3672 ea
469 3605 580 3672 fideles
604 3607 715 3672 eadem
742 3608 817 3691 jura
839 3607 1011 3689 haberent,
1044 3628 1153 3675 verum
1184 3617 1233 3674 est
1256 3612 1390 3677 societas

222 3695 405 3776 inaequahs
433 3699 466 3759 et
487 3695 548 3760 hoc
570 3713 633 3760 non
663 3695 733 3761 ideo
756 3701 897 3776 tantum,
930 3698 1005 3777 quia
1027 3695 1166 3763 fidelium
1199 3696 1254 3761 alii
1286 3699 1391 3762 clerici

222 3789 305 3863 srrnt,
330 3783 384 3848 alii
405 3781 494 3863 laici3
529 3783 587 3849 sed
610 3789 784 3866 propterea
815 3785 957 3864 maxime,
1000 3785 1084 3867 quod
1113 3786 1146 3849 in
1168 3785 1311 3851 Ecclesia
1342 3791 1390 3850 est

220 3875 363 3952 potestas
380 3870 530 3937 divinitus
546 3871 703 3952 instituta,
720 3890 785 3955 qua
798 3871 856 3936 alii
872 3872 913 3936 ad
928 3872 1198 3952 sanctificandum,
1214 3872 1389 3938 docendum

222 3964 254 4023 et
269 3958 441 4040 regendum
457 3959 595 4039 praediti
611 3965 694 4040 sunt,
712 3960 767 4025 alii
783 3959 1008 4025 destituuntur.
1039 3959 1118 4024 Cum
1133 3978 1208 4025 vero
1225 3959 1389 4026 Ecclesiae

222 4050 364 4129 potestas
388 4045 452 4111 alia
477 4048 519 4112 sit
541 4052 575 4112 et
599 4047 725 4112 dicatur
748 4047 882 4126 ordinis,
908 4048 971 4112 alia
989 4047 1232 4131 jurisdictionis:
1268 4048 1307 4113 de
1331 4048 1390 4114 hac

222 4161 461 4307 *ᾗῇ
480 4203 516 4258 ad
533 4204 655 4261 Timoth,
675 4204 720 4257 VI,
740 4207 783 4258 20.
810 4241 813 4247 ·
858 4203 879 4269 ²)
898 4203 950 4272 Ep.
969 4205 1005 4258 ΙΙ.
1024 4202 1060 4258 ad
1078 4204 1196 4259 Timoth.
1215 4205 1236 4262 1.
1257 4208 1297 4259 13.
1319 4207 1359 4258 14.

329 4347 340 4378 ⁴
369 4274 624 4401 pfasthagrnxtplp
640 4277 686 4401 11}
701 4277 748 4398 ²12.
768 4343 831 4398 con.
849 4344 921 4398 xvi.
942 4348 982 4399 13.
