2872 4874
452 311 493 357 nn
516 310 659 358 reatinam
683 308 811 357 annisu.
1167 297 1207 358 33

44 454 74 517 in
105 471 146 517 ea
180 451 406 517 confirmentur
439 456 472 513 et
501 456 654 516 crescant.
705 448 810 526 Quare
837 447 945 512 Nostri
973 450 1111 514 muneris
1139 467 1210 515 esse

45 541 204 619 ducimus,
232 541 359 621 potiora
381 539 487 619 capita
510 556 603 602 verae
626 544 658 601 et
682 536 856 601 catholicae
880 537 1055 613 doctrinae,
1087 537 1125 601 de
1150 536 1210 603 Ec·

47 628 160 694 clesiae
176 633 303 706 natura,
319 627 578 710 proprietatibus,
596 645 632 690 ac
644 631 801 706 potestate
816 642 971 705 exponere
984 629 1016 689 et
1026 631 1209 704 grassantes

48 717 208 798 oppositos
231 731 356 780 errores
377 715 529 796 subjectis
553 711 715 778 Canopum
738 711 880 778 articulis
905 711 1122 777 condemnare.

536 938 673 1005 CAPUT
696 939 720 1005 1.

250 1082 431 1148 Ecclesiam
453 1099 519 1146 esse
543 1101 659 1160 corpas
684 1079 807 1145 Ctrtsct
829 1082 1007 1161 cepaticum.

150 1224 342 1306 Unigenitus
376 1222 436 1287 Dei
471 1220 584 1300 Filius,
618 1221 672 1302 qui
706 1219 863 1285 illuminat
897 1239 1019 1300 omnem
1054 1223 1211 1287 hominem

54 1313 226 1377 uenientem
249 1313 281 1376 in
305 1310 388 1375 huuc
410 1309 578 1388 mundum,
609 1310 724 1390 quique
753 1309 839 1373 nulla
862 1328 998 1390 unquam
1024 1315 1132 1376 aetate
1156 1312 1211 1375 mi·

55 1402 124 1464 seris
139 1400 230 1464 Adae
252 1397 326 1463 filiis
349 1417 408 1480 ope
425 1415 484 1462 sna
499 1395 606 1475 defuit,
624 1399 654 1460 in
676 1414 714 1461 ea
730 1397 925 1477 plenitudine
942 1400 1103 1480 temporis,
1128 1417 1210 1480 quae

55 1489 239 1570 sempiterno
264 1485 394 1552 consilio
417 1483 521 1550 iuerat
543 1485 749 1567 praestituta,
769 1488 793 1567 1)
824 1486 855 1548 in
889 1486 1127 1551 similitudinem
1156 1487 1212 1551 ho-

55 1579 166 1640 minum
189 1575 293 1641 lactus
307 1576 334 1658 2)
357 1573 489 1639 visibilis
512 1573 660 1654 apparuit
688 1573 720 1636 in
750 1580 913 1654 assumpta
941 1575 1041 1639 nostri
1072 1576 1212 1657 corporis

56 1664 163 1745 forma,
199 1667 237 1727 ut
273 1662 392 1727 terreni
423 1660 564 1727 homines
595 1666 691 1742 atque
726 1661 871 1726 carnales
905 1680 1019 1726 norum
1054 1662 1212 1727 homiuem

57 1752 223 1831 induentest,
248 1751 303 1832 qui
326 1750 498 1815 secundum
516 1751 617 1814 Deum
642 1756 767 1814 creatus
791 1749 895 1814 estin
916 1748 1041 1828 justitia
1065 1757 1097 1815 et
1120 1769 1213 1815 sanc·

58 1841 137 1905 litate
160 1839 331 1918 actitatis,
349 1840 374 1921 ³)
409 1856 524 1918 corpus
560 1834 759 1901 effornmrent
793 1838 979 1919 mysticum,
1019 1838 1109 1919 cujus
1146 1839 1213 1919 ipsc

61 1929 216 1992 exsisteret
256 1932 360 2008 caput.
415 1925 465 1989 Ad
498 1926 579 1990 hanc
613 1942 687 1989 vero
721 1925 847 2006 mystici
888 1927 1027 2006 corporis
1067 1927 1214 1991 unionem

65 2013 261 2094 efficiendam,
294 2012 440 2078 Christus
464 2013 618 2077 Dominus
651 2030 772 2077 sacrum
796 2014 1043 2095 regenerationis
1068 2020 1100 2079 et
1123 2032 1213 2079 reno·

70 2105 181 2168 taionis
211 2102 353 2166 instituit
379 2100 559 2180 lavacrum,
594 2119 656 2182 quo
686 2098 742 2164 filii
770 2100 931 2165 hominum
961 2105 1009 2166 tot
1037 2101 1216 2166 nominibus

69 2190 127 2255 inter
151 2209 188 2256 se
214 2189 317 2271 divisi,
340 2190 474 2253 maxime
497 2207 572 2253 vero
589 2190 727 2271 peccatis
744 2188 867 2271 dilapsi,
892 2189 932 2254 ab
949 2191 1033 2254 omni
1049 2189 1215 2271 culparum

65 2280 139 2344 mide
171 2279 319 2343 mundati
354 2278 494 2342 membra
525 2283 632 2341 essent
660 2276 701 2341 ad
734 2278 883 2355 invicem,
900 2279 927 2359 4)
959 2296 1078 2359 suoque
1111 2278 1214 2343 divino

61 2366 143 2448 capiti
163 2365 243 2445 fide,
266 2383 336 2446 spe,
361 2370 394 2430 et
415 2364 570 2429 charitate
594 2364 765 2446 conjuncti,
790 2384 852 2429 uno
876 2366 945 2447 ejus
968 2365 1087 2448 Spiritu
1109 2382 1216 2430 omnes

60 2453 305 2533 vivificarentur,
330 2470 368 2517 ac
391 2453 578 2518 coelestium
611 2453 787 2534 gratiarum
820 2459 853 2517 et
876 2453 1100 2518 charismatum
1132 2453 1215 2518 dona

60 2542 208 2606 cumulate
223 2541 411 2622 reciperent.
447 2543 551 2621 Atque
566 2540 645 2604 haec
661 2547 719 2620 est,
736 2559 826 2622 quae,
851 2547 887 2604 ut
903 2538 1043 2606 fidelium
1058 2542 1217 2607 mentibus

60 2629 220 2712 objiciatur
243 2628 372 2709 alteque
401 2626 504 2692 defixa
534 2628 679 2707 haereat,
712 2631 788 2693 satis
817 2646 976 2710 nunquam
1007 2631 1219 2695 commendari

58 2724 166 2798 potest,
192 2716 390 2799 praecellens
405 2716 568 2782 Ecclesiae
584 2717 714 2796 species,
740 2717 829 2798 cujus
847 2724 943 2798 caput
966 2725 1014 2782 est
1030 2717 1183 2796 Christus,
1190 2719 1216 2799 δ)

58 2824 91 2868 er
118 2823 179 2886 quo
209 2810 313 2869 totum
345 2823 459 2885 corpus
492 2809 707 2885 compactum,
741 2810 773 2868 et
805 2823 978 2869 connexum
1006 2825 1062 2886 per
1094 2823 1217 2870 omnem

54 2893 233 2972 juncturam
246 2893 556 2972 subministrationis,
571 2892 742 2955 secundum
756 2893 970 2973 operationem
988 2894 1020 2957 in
1036 2911 1217 2958 mensuram

59 2982 300 3063 uniuscujusque
323 2981 463 3055 membri,
488 2986 693 3061 augmentum
717 2981 855 3061 corporis
878 2979 955 3045 facit
977 2981 1009 3044 in
1027 2979 1218 3046 aedificatio·

58 3085 125 3132 nem
147 3071 195 3134 sui
217 3064 255 3133 in'
275 3067 441 3134 charitate.
457 3071 484 3149 ⁶]

535 3258 673 3324 CAPUT
696 3259 735 3324 ll.

60 3399 274 3467 Christianam
298 3400 484 3483 relc'ploaem
508 3400 637 3464 cramoisi
669 3401 704 3462 ia
727 3399 874 3464 Ecclesia
899 3406 927 3463 et
953 3421 1017 3480 per
1040 3399 1221 3464 Ecclesiam

325 3527 345 3569 a
372 3504 498 3570 Christo
518 3505 690 3584 tirrtdatam
714 3505 813 3569 ccccli
831 3525 936 3584 posse.

159 3646 251 3712 Hanc
266 3645 453 3725 Ecclesiam,
467 3664 561 3726 quarn
577 3645 743 3725 acquisivit
758 3646 911 3727 sanguine
928 3663 994 3724 suo,
1012 3651 1043 3708 et
1059 3649 1222 3724 tamquam

58 3753 207 3818 sponsam
230 3735 321 3799 unice
345 3734 479 3798 electam
502 3733 543 3797 ab
567 3739 696 3797 aeterno
719 3733 838 3812 dilexit,
862 3738 972 3798 auctor
999 3730 1072 3797 fidei
1095 3738 1126 3796 et
1149 3751 1222 3797 con-

55 3829 234 3888 summator
254 3821 349 3887 lesus
373 3823 442 3903 ipse
465 3820 610 3884 fundavit
633 3826 727 3902 atque
750 3821 898 3899 instituit,
923 3828 955 3886 et
979 3840 1035 3902 per
1053 3820 1223 3903 Apostolos

55 3928 126 3976 suos
151 3929 325 3991 eorumque
348 3927 545 3974 successores
572 3908 692 3990 jugiter
722 3927 821 3989 usque
852 3909 893 3971 acl
921 3910 1222 3973 consummationem

129 4106 134 4111 ,
164 4048 186 4119 ¹)
206 4048 233 4102 S.
252 4049 379 4102 Ambros.
399 4048 432 4102 de
450 4047 496 4102 fid.
514 4048 549 4102 ad
568 4049 593 4101 b.
612 4048 725 4101 Hieron.
743 4048 864 4116 preslrpt.
884 4064 927 4114 ap.
948 4049 1002 4100 Mai
1025 4048 1083 4100 VV.
1113 4047 1223 4115 Scriptt.

54 4128 119 4176 ω’
139 4120 451 4258 Velpl‘uffi'ffiicrlrss}
470 4190 506 4243 u.
526 4193 550 4246 r.
626 4188 648 4257 8)
667 4189 718 4256 up.
738 4188 774 4241 m
792 4188 895 4255 Ephes.
915 4186 960 4240 rr.
980 4189 1023 4241 m.

164 4259 189 4398 l
208 4259 317 4398 aa
331 4259 487 4387 aau
501 4260 553 4387 r·
574 4256 1005 4396 calaritanae·

107 4431 240 4482 Martia,
254 4433 409 4476 Documenta.
1104 4421 1119 4469 3
1275 4420 1356 4588 Ι
