2872 4874
457 317 497 363 nu
521 316 664 365 nocuusm
688 316 806 365 cusrsrr
831 317 852 361 1.
1200 304 1245 363 ld

64 455 236 522 Ecclesiae
259 459 366 521 visae
389 456 532 521 soliditas
557 456 709 534 consistit,
734 456 854 521 cunctis
878 453 1023 521 fidelibus
1047 456 1238 521 credendam

64 550 98 608 et
121 545 309 622 tenendam,
332 545 503 609 secundum
527 545 688 625 antiquam
711 550 807 624 atque
829 549 1026 608 constantem
1049 543 1238 609 universalis

65 631 234 697 Ecclesiae
258 631 367 709 fidem,
398 650 593 714 proponere,
629 637 724 712 atoue
748 632 936 709 contrarios,
970 630 1124 697 dominico
1148 633 1244 714 gregi.

65 720 151 785 adeo
175 722 370 801 perniciosos
392 738 516 785 errores
539 719 735 801 proscribere
759 725 792 783 et
815 719 1032 785 condemnare.

560 998 698 1064 CAPUT
721 1000 745 1063 l.

170 1139 223 1206 De
245 1140 428 1221 Apostolici
445 1141 612 1220 primatus
635 1141 668 1203 t'rt
692 1139 780 1203 beato
802 1138 901 1204 Petro
923 1140 1136 1204 ‘institutione

176 1281 336 1346 Docemus
358 1282 466 1361 itaque
483 1286 516 1345 et
531 1280 736 1356 declaramus,
757 1280 850 1361 juxta
865 1277 1033 1360 Evangelii
1054 1279 1236 1344 testimonia

70 1369 241 1450 primatum
261 1367 490 1450 jurisdictionis
513 1368 546 1432 in
568 1367 749 1432 universam
774 1366 833 1432 Dei
857 1366 1031 1432 Ecclesiam
1054 1366 1236 1431 immediate

72 1461 103 1521 et
132 1456 252 1521 directe
279 1456 373 1520 beato
397 1455 492 1520 Petro
515 1454 667 1536 Apostolo
696 1456 885 1536 promissum
915 1461 1011 1535 atque
1040 1454 1190 1520 collatum
1216 1473 1236 1518 a

72 1543 197 1609 Christo
222 1544 356 1609 Domino
379 1541 485 1609 fuisse.
533 1544 580 1608 Ad
604 1562 701 1607 unum
724 1544 808 1606 enim
831 1541 999 1622 Simonem,
1023 1542 1074 1607 cui
1098 1542 1234 1607 dixerat:

77 1633 123 1695 To
139 1632 299 1696 vocaberis
316 1629 446 1710 Coptos,
460 1631 484 1714 1)
500 1639 668 1712 postquam
683 1630 736 1695 ille
756 1647 845 1694 suam
870 1629 1098 1695 confessionem
1122 1630 1243 1694 ediditc

79 1719 121 1783 Ta
142 1739 177 1784 es
201 1717 359 1795 Christos
383 1719 494 1783 Filios
517 1717 582 1784 Dec¹
604 1719 676 1795 odoi,
701 1719 827 1784 locutus
851 1726 900 1782 est
915 1718 1086 1782 Dominus:
1109 1717 1235 1782 Beatos

78 1827 107 1870 es
127 1807 239 1872 Simon
262 1805 451 1871 Bor-Iona:
481 1807 559 1888 quio
582 1826 664 1883 coro,
689 1812 719 1871 et
740 1807 878 1889 conparis
901 1826 965 1869 ooo
988 1804 1142 1868 revelavit
1164 1805 1235 1881 tibi,

80 1896 127 1959 sed
147 1895 251 1959 Potor
273 1915 377 1975 meas,
410 1894 464 1976 poi
486 1895 523 1957 r'rt
546 1893 642 1958 coelis
665 1898 724 1959 est:
760 1899 789 1958 et
812 1913 868 1977 epo
891 1894 962 1958 dico
991 1894 1063 1970 tili,
1096 1893 1173 1974 poio
1200 1898 1234 1956 to

83 2004 108 2046 es
126 1982 263 2060 Petras,
294 1989 324 2047 et
346 2001 444 2060 super
465 1982 548 2046 hanc
571 1987 702 2062 petram
725 1982 899 2062 oedificabo
922 1978 1101 2045 Ecclesiam
1123 2000 1234 2057 meam,

89 2076 109 2130 el
123 2075 234 2149 portae
256 2069 359 2151 defert
381 2089 445 2132 ooo
462 2069 699 2148 praevalebunt
722 2070 876 2134 adversus
899 2088 986 2132 eom:
1019 2074 1048 2132 et
1071 2068 1130 2131 tibi
1154 2067 1242 2131 dobo-

92 2155 171 2223 clooes
194 2159 290 2240 repat
313 2157 491 2222 coeloram:
519 2161 548 2218 et
571 2157 785 2240 quodcumque
809 2156 962 2238 lipooerr‘s
983 2174 1080 2234 sopor
1103 2160 1232 2231 terram,

86 2245 132 2307 erit
152 2245 290 2328 lipotaoa
311 2251 341 2309 et
362 2246 398 2309 t'o
422 2243 532 2308 coelis:
556 2250 586 2308 et
602 2246 816 2327 quodcumque
834 2243 968 2308 solveris
988 2262 1086 2321 super
1105 2247 1241 2315 terram,

81 2333 132 2396 erit
161 2333 354 2397 solutumst
383 2332 418 2395 io
446 2331 548 2398 coelis.
564 2331 590 2414 Β)
636 2333 740 2414 Atque
762 2333 817 2396 uni
840 2331 959 2397 Simoni
981 2330 1076 2394 Petro
1099 2328 1232 2394 contulit

77 2417 160 2485 Jesns
193 2425 267 2502 post
297 2438 386 2484 suam
417 2420 679 2484 resurrectionem
713 2421 826 2485 summi
860 2419 997 2499 pastoris
1032 2426 1065 2482 et
1099 2418 1232 2482 rectoris

73 2506 317 2585 jurisdictionem
339 2509 372 2570 in
392 2512 498 2582 totum
514 2524 606 2570 suum
622 2508 713 2589 ovile,
737 2507 859 2572 diceus:
883 2505 986 2570 Posce
1008 2525 1108 2588 opoos
1130 2525 1232 2570 meos:

74 2593 169 2661 Posce
193 2615 266 2660 oves
294 2613 391 2662 aneos.
408 2595 438 2677 ³)
483 2593 566 2659 Huic
593 2601 661 2659 tam
689 2594 875 2660 manifestae
906 2612 1070 2659 sacrarum
1093 2592 1241 2673 Scriptu-¹

73 2701 174 2747 rarum
197 2683 370 2763 doctrinae,
394 2687 430 2746 nt
453 2683 493 2748 ab
508 2683 653 2748 Ecclesia
667 2682 821 2749 catholica
844 2699 967 2762 semper
990 2680 1152 2746 intellecta
1175 2689 1232 2758 est,

72 2776 178 2853 aperte
201 2775 405 2852 opponuntur
427 2788 545 2851 pravae
566 2788 675 2835 eorum
698 2771 885 2847 sententiae,
910 2770 964 2850 qui
988 2768 1191 2834 constitutam
1214 2786 1233 2830 a

72 2857 193 2923 Christo
217 2858 353 2923 Domino
376 2859 409 2922 in
431 2875 491 2922 sua
513 2857 657 2923 Ecclesia
680 2859 839 2940 regiminis
862 2856 995 2921 formam
1015 2859 1233 2938 pervertentes

71 2951 200 3029 negant,
236 2945 337 3011 solnm
360 2945 489 3009 Petrum
516 2963 593 3026 prae
628 2949 762 3012 caeteris
786 2944 963 3027 Apostolis‚
998 2946 1064 3009 sive
1091 2961 1234 3008 seorsum

70 3035 198 3117 singulis
233 3035 300 3099 sive
334 3032 478 3098 omuibus
513 3032 623 3113 simul,
664 3053 740 3100 vero
774 3033 966 3116 proprioque
1002 3031 1233 3114 jurisdictionis

70 3123 205 3203 primatu
229 3120 327 3187 tuisse
344 3139 364 3185 a
380 3120 507 3186 Christo
527 3120 732 3203 instructum3
757 3129 813 3186 ant
835 3121 889 3201 qui
912 3119 1081 3198 affirmant,
1097 3118 1231 3184 eundem

70 3212 238 3291 primatum
273 3229 336 3274 non
367 3209 564 3288 immediate,
598 3208 779 3290 directoque
810 3208 870 3291 ipsi
902 3208 995 3273 beato
1029 3206 1141 3286 Petro,
1177 3205 1234 3270 sed

67 3298 237 3377 Ecclesiae,
262 3303 295 3362 et
317 3316 375 3379 per
397 3296 479 3361 hanc
502 3295 548 3360 illi
571 3301 607 3361 ut
622 3297 723 3379 ipsius
739 3296 903 3362 Ecclesiae
925 3295 1069 3360 ministro
1093 3294 1234 3357 delatum

67 3385 174 3453 finisse.

171 3472 205 3538 Si
228 3473 299 3554 quis
314 3473 413 3554 igitur
429 3471 551 3552 dixerit,
576 3472 707 3536 beatum
722 3470 853 3535 Petrum
869 3467 1055 3550 Apostolum
1072 3488 1091 3533 a
1107 3466 1234 3534 Christo

64 3563 201 3628 Domino
225 3561 431 3626 constitutum
458 3579 521 3625 non
544 3578 614 3625 esse
637 3558 862 3641 Apostolorum
890 3557 1030 3622 omnium
1060 3557 1234 3638 principem

63 3656 96 3716 et
118 3651 220 3714 totius
236 3647 396 3713 Ecclesiae
411 3648 578 3713 militantis
594 3647 716 3712 visibile
740 3651 848 3727 caput,
872 3644 923 3710 vel
947 3645 1082 3709 eundem
1105 3643 1234 3708 honoris

62 3743 204 3814 tantum,
233 3754 298 3801 non
321 3743 428 3801 autem
451 3755 545 3801 verae
568 3736 778 3818 propriaeque
803 3732 1032 3816 jurisdictionis
1063 3732 1233 3814 primatum

61 3829 102 3893 ab
131 3825 246 3891 eodem
275 3823 410 3890 Domino
441 3830 551 3888 nostro
573 3823 651 3888 lesu
674 3822 800 3887 Christo
834 3822 952 3886 directe
984 3825 1018 3884 et
1053 3818 1238 3884 immediate

60 3915 240 3995 accepisse3
264 3912 434 3976 anathema
456 3913 508 3976 sit.

59 4071 279 4082 ---—-·—--——

175 4155 196 4224 1)
214 4156 294 4210 Joan.
313 4156 335 4209 1.
353 4160 396 4210 42.
454 4158 476 4224 ²)
496 4157 597 4210 marcu.
616 4156 689 4208 xvi.
709 4130 821 4209 rc-r'o.
875 4153 903 4223 e)
922 4153 1000 4205 roan.
1021 4151 1092 4203 uxr.
1115 4149 1225 4203 rs-ra
