2872 4874
584 361 622 406 bn
646 360 825 409 orscmuma.
1231 350 1290 410 159

233 498 363 564 Aboleri
384 499 539 582 imprimis
561 506 692 581 optatur
715 501 803 571 haec.
826 501 904 566 heu!
939 509 1005 567 tam
1028 500 1176 583 frequens
1200 504 1291 570 nulli·

138 588 205 651 tatis
227 587 499 669 dispensationum
523 606 618 653 causa
640 606 722 669 quae
745 607 784 652 ex
803 589 925 654 incestu
947 590 1099 671 procedit.
1145 591 1234 670 item,
1259 600 1291 656 et

137 674 186 738 illa
207 674 280 758 styli
302 674 425 758 regula,
446 676 538 758 juxta
561 694 654 758 quam
678 678 791 757 omnia,
814 678 847 740 iu
869 678 1041 760 rescriptis,
1064 678 1122 743 sub
1145 680 1292 745 irritante

134 761 307 828 conditione
336 763 420 844 exigi
449 764 714 845 interpretantur,
748 782 828 845 quae
859 765 996 830 ablativo
1024 765 1165 831 absoluto
1188 768 1291 849 expri-

134 855 266 915 muntur.
311 849 390 915 Inde
412 851 568 931 siquidem
595 856 672 932 quot
706 853 883 917 scaturiant
906 853 1078 930 nulhtates,
1111 873 1149 918 ex
1172 853 1290 920 confes·

132 938 292 1021 sariomm,
327 939 535 1021 parochorum
570 947 602 1004 et
630 937 810 1004 officialium
844 941 1086 1020 inadverteutia,
1119 944 1169 1006 vix
1203 943 1291 1008 credi

135 1028 247 1107 potest!

360 1219 411 1284 De
433 1218 561 1282 Iudicis
584 1218 739 1283 librorum
761 1219 883 1300 repulia
906 1227 936 1285 ct
953 1222 1066 1302 proci.

233 1376 416 1458 Perlegenti
446 1378 558 1457 cuique
587 1376 713 1457 regulas
740 1377 852 1442 iudicis
882 1377 1036 1443 librorum
1062 1379 1291 1461 prohibitorum

149 1480 212 1542 quae
233 1464 399 1546 generales
423 1464 583 1542 dicuntur,
614 1462 717 1540 facile,
754 1470 789 1527 ut
811 1464 944 1542 videtur,
977 1467 1145 1548 apparebit
1169 1486 1206 1531 ex
1228 1467 1291 1532 illis

151 1551 247 1631 regulis
269 1551 403 1632 multas,
435 1551 509 1616 licet
538 1571 576 1616 ea
598 1570 660 1633 qua
691 1552 795 1616 editae
826 1560 900 1617 sunt
929 1559 1036 1618 aetate
1060 1555 1291 1636 sapientissime

152 1639 282 1719 conditas,
306 1657 400 1719 uunc,
425 1644 513 1705 statu
535 1639 698 1704 societatis
721 1639 889 1717 humanae,
914 1643 1047 1705 maxime
1069 1660 1145 1707 vero
1168 1644 1216 1708 rei
1238 1642 1291 1708 lit·-

151 1728 275 1805 tcrariae,
299 1728 416 1806 ubique
439 1734 472 1792 et
495 1729 646 1792 radicitus
669 1733 806 1809 mutato,
836 1729 952 1808 partim
981 1727 1047 1807 jam
1076 1734 1127 1793 sat
1154 1730 1291 1809 inutiles,

152 1815 244 1894 partim
268 1815 439 1881 observatu
462 1816 596 1880 maxime
624 1812 779 1894 difficileS,
812 1815 933 1897 aliquas
962 1816 1056 1882 etiam
1083 1817 1293 1898 impossibiles

152 1903 277 1970 evasisse.
332 1903 410 1968 Inde
443 1901 481 1968 fit
511 1910 547 1968 ut
583 1901 808 1967 cathohoorum
842 1903 1054 1969 conscientiae
1092 1903 1163 1986 plus
1198 1925 1292 1987 quam

151 2006 265 2072 amurmr
289 1995 375 2056 esset
397 1995 581 2071 graventur,
604 1989 763 2072 scrupulis
785 1991 958 2056 innumeris
981 1992 1150 2056 anxientur
1171 1995 1292 2074 gravis-

152 2075 310 2160 simaequae
342 2084 539 2160 exponantur
567 2077 737 2143 tentationi
766 2077 853 2159 leges
875 2079 1037 2160 praesenti
1063 2097 1169 2144 rerum
1192 2081 1292 2145 statui

152 2162 185 2229 ita
201 2184 311 2248 pamm
334 2166 588 2232 accommodatas
616 2166 898 2247 praetermittendi.
946 2165 1080 2232 Omnino
1113 2167 1211 2249 igitur
1237 2187 1292 2232 ue-

151 2269 219 2320 tase
239 2261 273 2320 et
294 2272 412 2335 urgens
433 2260 518 2319 esset
541 2259 577 2317 ut
599 2253 675 2318 illae
705 2253 836 2335 regulae
865 2260 897 2319 et
920 2255 1067 2320 universa
1089 2273 1140 2319 res
1163 2255 1288 2334 Indicis,

151 2356 213 2407 novo
234 2360 364 2425 prorsus
386 2341 492 2422 modo,
522 2345 649 2407 nostrae
679 2342 780 2406 aetati
807 2341 917 2408 melius
949 2347 1159 2424 attemperata
1182 2349 1216 2407 et
1238 2342 1292 2407 ob·

151 2435 260 2496 amatu
280 2428 422 2509 faciliori,
445 2430 707 2495 instaurarentur.

234 2517 326 2597 Quod
349 2535 423 2583 vero
452 2522 580 2599 spectat
611 2517 652 2582 ad
680 2517 889 2598 particulares
921 2517 1072 2583 librorum
1103 2518 1290 2583 condemna·

151 2601 243 2687 tiones,
266 2609 449 2671 reverenter
463 2604 654 2686 postulatur,
671 2612 708 2669 ut
728 2623 890 2686 uunquam
904 2604 986 2670 liber
1002 2605 1115 2687 ahquis
1130 2605 1292 2687 scriptoris

148 2691 285 2773 catholici,
309 2695 441 2758 maxime
465 2693 492 2758 si
518 2694 560 2758 sit
574 2694 622 2757 vir
645 2694 757 2774 optimi
779 2693 923 2772 nominis
947 2693 1015 2759 aS.
1039 2691 1291 2776 Congregatione

148 2776 313 2868 damnetur,
346 2781 421 2862 quin
454 2781 542 2862 prius
576 2786 685 2846 auctor
712 2781 927 2862 praemonitus
961 2780 1074 2861 fuerit,
1109 2800 1149 2846 eo
1171 2779 1234 2846 fine
1256 2784 1293 2845 ut

148 2869 230 2943 macic
262 2875 332 2935 tum
355 2868 593 2934 observationes
616 2875 649 2933 et
671 2868 896 2950 explicationes
928 2872 1123 2950 opportunas
1147 2868 1295 2950 suppedi-

146 2955 209 3037 tare,
232 2963 300 3022 tum
323 2957 422 3021 etiam
454 2975 494 3022 ea
522 2974 696 3038 suggerere
723 2956 840 3038 media,
869 2955 984 3036 quibus
1014 2974 1127 3038 saepe,
1163 2975 1198 3022 re
1220 2974 1296 3038 pru·

145 3038 240 3111 deuter
263 3051 297 3111 et
321 3044 487 3109 caritative
511 3044 763 3123 accommodata,
788 3043 938 3108 damnum
961 3043 1122 3125 publicum
1138 3041 1295 3109 sufficieu-

146 3128 252 3198 tiasime
274 3133 370 3198 vitari
385 3136 501 3214 posset,
526 3133 602 3212 quin
624 3131 667 3196 ad
685 3131 801 3197 librum
816 3130 992 3196 formaliter
1008 3131 1294 3210 condemnandum,

144 3227 356 3302 auctoremque
378 3218 507 3285 iufamia
522 3219 778 3301 respergendum,
804 3218 1012 3285 devenirotur.
1046 3218 1184 3302 Optatur
1206 3237 1297 3301 prac-

145 3307 221 3374 terea
243 3314 282 3373 ut
305 3308 336 3374 S.
361 3307 476 3373 Iudicis
493 3305 705 3389 congregatio
721 3306 885 3371 moderate
908 3325 1031 3389 semper
1057 3307 1296 3389 toleranterque

143 3406 172 3457 se
190 3402 282 3480 gerat
311 3414 391 3477 erga
424 3394 586 3476 opiniones
618 3412 714 3475 quae,
748 3393 822 3460 licet
851 3412 964 3459 revera
995 3396 1098 3460 minus
1131 3396 1295 3477 probatae,

143 3495 293 3566 nmquam
316 3489 425 3548 tamen
451 3481 627 3548 formaliter
658 3481 830 3547 damnatae
860 3479 988 3547 fuerint.
1033 3482 1127 3563 Item,
1158 3489 1195 3548 ut
1224 3482 1297 3548 libri

142 3576 308 3640 auctorum
329 3570 571 3649 catholicorum,
607 3570 639 3633 iu
673 3569 787 3650 quibus
820 3585 944 3635 errores
981 3570 1102 3652 ahquos
1132 3570 1298 3651 irrepsisse

141 3662 280 3741 evenerit,
304 3677 368 3723 nou
390 3677 469 3740 pure
492 3663 525 3723 et
546 3658 729 3738 simpliciter
761 3657 1025 3737 condemnentur,
1059 3658 1172 3723 eodem
1203 3656 1297 3722 modo

141 3749 168 3807 ot
186 3749 268 3832 stylo
293 3765 331 3812 ac
353 3747 480 3828 pessimi
514 3745 682 3826 impiorum
711 3750 745 3809 et
767 3746 994 3809 obscoenorum
1025 3744 1185 3811 hominum
1213 3744 1297 3824 libri,

140 3833 323 3902 adhibeatur
345 3852 419 3899 vero
442 3833 578 3899 formula
599 3833 705 3915 abque
736 3830 899 3913 specialis,
933 3832 1022 3913 quus
1052 3850 1111 3912 ope
1145 3831 1221 3896 boni
1243 3849 1298 3896 no·

140 3923 223 3990 uinis
245 3922 306 3988 viri
329 3940 399 3987 cum
422 3920 590 3986 infamibus
613 3919 818 4002 scriptoribus
851 3917 998 3985 confundi
1029 3938 1093 3983 nou
1116 3916 1297 3983 videantur.

491 4111 542 4178 De
565 4113 732 4179 revisendo
755 4112 941 4178 Breviorio.

238 4273 426 4356 Opportune
440 4268 667 4336 reformaretur
680 4269 890 4348 Breviarium3
912 4269 1095 4350 praecipue:
1110 4267 1215 4349 quoad
1236 4265 1301 4332 loc-

139 4357 246 4442 tioues,
278 4359 318 4424 ab
352 4358 493 4425 historiis
528 4356 718 4440 apocryphis
750 4357 922 4423 nonsatis
956 4359 1163 4439 expurgatam
1197 4354 1302 4437 quoad
